2220 3432
287 88 356 138 LIB.
371 89 404 151 1,
419 88 497 138 CAP.
510 90 712 155 xL1.-XL111.‚
727 93 741 153 ξ
757 99 877 146 115-121.
971 101 1003 148 43

161 190 204 248 tio
218 197 342 248 maxime
354 198 474 250 tractata
487 193 522 250 ab
533 193 695 253 Euhemero
707 204 758 269 est,
768 217 853 274 quem
866 208 964 259 noster
974 210 1003 260 et

159 269 364 348 interpretatus
385 279 414 329 et
430 280 543 331 secutus
564 282 608 332 est
623 283 737 352 praeter
753 285 862 336 eeteros
882 281 1000 340 Ennius.

159 350 208 408 Ab
219 351 381 409 Euhemero
396 360 491 410 autern
507 361 536 410 et
546 361 654 412 mortes
668 363 697 412 et
712 357 872 433 sepulturae
886 360 1003 419 demon-

159 438 286 488 strantur
296 432 423 490 deorum.
458 432 566 491 Utrum
578 433 667 512 igitur
677 434 723 492 hic
735 436 915 496 confirmasse
926 441 1002 497 vide-

157 517 206 568 tur
217 512 386 588 religionem
403 532 439 569 an
453 514 569 589 penitus
583 522 675 571 totam
690 516 854 576 sustulisse?
888 518 1001 577 Omitto

157 590 301 664 Eleusina,
312 600 439 650 sanctam
454 592 532 650 illam
547 601 576 651 et
589 603 749 672 augustam,

288 720 339 770 Ubi
353 720 483 768 initiantur
495 729 582 782 gentes
595 737 694 771 orarum
708 723 818 786 ultimae,

155 846 303 916 praetereo
318 839 546 898 Samothraciam
561 859 649 918 eaque
661 860 733 918 quae
748 842 849 901 Lemni

285 969 417 1018 Nocturno
431 969 499 1018 aditu
513 969 609 1018 occulta
624 970 745 1033 coluntur,

318 1035 476 1084 Silvestrihus
489 1035 602 1098 saepibus
617 1035 702 1085 densa.

154 1150 266 1222 Quibus
291 1154 440 1231 explicatis
464 1154 502 1211 ad
524 1155 721 1232 rationemque
745 1158 884 1215 revocatis
903 1179 997 1218 rerum

152 1234 246 1309 magis
259 1240 361 1292 natura
374 1235 558 1311 cognoscitur
571 1254 657 1312 quam
672 1235 799 1295 deorum.

193 1313 302 1372 XLIII.
340 1320 406 1372 120.
423 1314 496 1372 Mihi
513 1315 629 1392 quidem
647 1316 733 1372 etiam
748 1315 941 1388 Democritus,
953 1319 997 1376 vir

151 1413 274 1471 magnus
291 1395 321 1451 in
338 1395 448 1472 primis,
461 1395 542 1452 euius
558 1394 689 1452 fontibus
707 1395 848 1472 Epicurus
866 1397 996 1455 hortulos

151 1493 220 1532 suos
246 1475 383 1552 irrigavit,
409 1481 509 1532 nutare
536 1475 650 1532 videtur
678 1477 708 1532 in
736 1482 837 1532 natura
865 1476 993 1536 deorum.

150 1553 227 1612 Turn
258 1556 335 1612 enim
370 1563 467 1612 censet
497 1555 638 1632 imagiues
668 1555 819 1613 divinitate
850 1557 994 1632 praeditas

149 1633 243 1693 inesse
260 1635 290 1692 in
311 1635 495 1693 universitate
507 1655 619 1705 rerum,
634 1643 697 1693 tum
714 1635 856 1713 priucipia
878 1637 991 1708 mentia,
1048 1647 1056 1662 ⁰

150 1733 223 1791 quae
245 1717 361 1772 suntin
383 1716 485 1772 eodem
506 1715 647 1788 universo,
662 1716 732 1773 deos
753 1735 813 1774 esse
834 1715 913 1788 dicit,
928 1723 992 1773 tum

149 1796 310 1852 animantes
326 1796 474 1872 imagines,
489 1814 560 1872 quae
577 1795 619 1852 vel
638 1797 772 1872 prodesse
793 1797 878 1854 nobis
899 1797 992 1854 solent

148 1875 193 1932 vel
211 1894 320 1945 nocere,
336 1884 400 1932 tum
419 1877 549 1951 ingentes
571 1877 708 1952 quasdam
729 1877 870 1953 imagines
886 1883 992 1934 tantas-

150 1973 213 2030 que,
226 1963 258 2012 ut
272 1957 436 2013 universum
453 1955 594 2012 mundum
612 1956 840 2033 complectantur
857 1958 991 2014 extrinse-

148 2054 206 2091 cus.
250 2034 329 2103 Quae
354 2036 471 2112 quidem
498 2036 595 2093 omnia
622 2044 688 2093 sunt
712 2037 805 2114 patria
829 2036 991 2094 Democriti

149 2133 235 2190 quam
259 2115 429 2173 Democrito
454 2115 593 2191 digniora
639 2122 703 2174 121.
728 2116 798 2184 Quis
823 2117 900 2174 enim
921 2117 990 2174 istas

147 2193 288 2271 imagines
308 2195 549 2272 comprehendere
572 2196 669 2253 animo
691 2203 796 2273 potest,
815 2197 878 2274 quis
901 2197 990 2254 admi-

147 2274 212 2346 rari,
231 2275 294 2350 quis
316 2283 367 2333 aut
389 2276 467 2332 cultu
489 2282 540 2332 aut
563 2275 700 2353 religione
724 2276 825 2353 dignas
847 2277 990 2334 iudicaret

147 2353 288 2430 Epicurus
302 2375 368 2412 vero
384 2375 418 2412 ex
435 2355 539 2412 animis
552 2355 703 2414 hominum
718 2357 840 2414 extraxit
853 2357 990 2414 radicitus

146 2434 324 2510 religionem,
341 2455 406 2493 cum
428 2435 473 2492 dis
494 2435 704 2494 immortalibus
725 2444 755 2494 et
776 2455 862 2513 opem
883 2444 912 2493 et
928 2455 990 2512 gra-

146 2513 218 2570 tiam
236 2515 358 2574 sustulit.
401 2515 494 2584 Quem
511 2517 589 2573 enim
607 2517 747 2592 optimam
765 2524 794 2574 et
807 2517 990 2593 praestantis-

146 2593 248 2652 simam
270 2603 400 2654 naturam
423 2596 468 2654 dei
490 2597 567 2654 dieat
586 2615 656 2668 esse,
671 2603 758 2672 negat
777 2596 856 2652 idem
877 2615 936 2652 esse
958 2596 988 2652 in

146 2673 201 2732 deo
215 2675 345 2752 gratiam.
388 2676 477 2734 Tollit
493 2677 524 2734 id
542 2675 620 2753 quod
637 2677 760 2733 maxime
777 2675 926 2752 proprium
944 2683 987 2732 est

146 2755 273 2832 optimae
297 2757 613 2834 praestantissimaeque
641 2763 765 2813 naturae.
809 2754 887 2824 Quid
911 2755 987 2812 enim

145 2842 189 2892 est
205 2836 307 2893 melius
327 2844 378 2894 aut
394 2837 464 2914 quid
480 2837 671 2912 praestantIus
689 2835 817 2893 bonitate
840 2842 868 2892 et
885 2833 989 2892 benefi-

144 2917 257 2974 centiai
298 2909 362 2985 Qu‘a
375 2937 441 2974 cum
456 2936 549 2974 carere
564 2915 651 2972 deum
665 2917 760 2986 vultis,
773 2916 918 2972 neminem
933 2915 987 2971 deo

144 3014 197 3053 nec
212 2996 297 3053 deum
309 3016 361 3054 nec
376 2997 523 3054 hominem
538 3015 644 3066 carum,
655 2995 799 3052 nemiuem
814 2995 850 3052 ab
865 3014 899 3051 eo
914 3013 988 3051 arna·

143 3075 177 3145 ri,
194 3077 340 3134 nemiuem
358 3076 440 3153 diligi
457 3075 552 3133 vultis,
595 3074 641 3131 Ita
657 3074 690 3130 fit
706 3081 740 3131 ut
756 3093 816 3131 non
832 3074 921 3130 modo
938 3073 988 3129 ho·

144 3157 237 3214 mines
251 3176 268 3214 a
281 3157 333 3227 dis,
345 3157 394 3214 sod
409 3156 464 3232 ipsi
479 3156 509 3213 di
521 3156 596 3211 inter
609 3173 639 3210 se
650 3153 686 3210 ab
700 3153 763 3210 aliis
778 3152 825 3210 alii
836 3152 987 3228 neglegan-

1040 3327 1100 3386 A
