2242 3436
255 89 324 140 LIB.
338 89 386 152 ΙΙ.,
399 89 477 140 ΟΑΡ.
490 89 703 152 LXII.-LX1V.,
715 89 730 150 ᾖ
743 92 863 141 154-161.
931 95 978 142 103

131 191 237 252 ferunt
252 191 309 249 nisi
325 198 358 248 nt
374 210 472 248 earum
488 190 563 249 villis
579 191 719 249 confectis
735 198 821 269 atque
837 194 979 251 contextis

138 271 271 329 homines
287 271 463 329 vestiantur?
503 270 582 339 Quae
598 272 713 349 quidem
729 291 821 348 neque
835 272 873 329 ali
887 292 979 350 neque

139 352 291 409 sustentari
305 371 397 429 neque
411 350 500 408 ullum
514 352 640 409 fructum
657 351 739 409 edere
753 371 787 409 cx
805 371 834 409 se
848 353 909 409 sine
923 353 980 410 cnl-

138 439 171 490 tn
187 432 340 489 hominurn
361 438 391 489 et
407 432 552 490 curatione
569 433 737 509 potuissent.
779 432 891 490 Canum
912 451 979 490 vero

138 519 199 569 tam
215 511 274 569 fida
289 512 420 570 custodia
436 518 552 589 tamque
569 531 668 568 amans
684 512 868 570 dominorum
885 513 980 569 adula-

137 593 180 649 tio
194 599 365 669 tantumque
382 591 481 650 odium
495 592 525 649 in
540 599 672 649 externos
688 599 791 650 ettam
805 591 980 650 incredibilis

137 672 175 730 ad
185 672 417 748 investigandum
431 672 570 748 sagacitas
583 673 704 742 narium,
714 678 796 730 tanta
809 672 938 730 alacritas
948 673 979 729 in

136 752 268 809 venando
290 752 361 829 quid
382 751 524 829 siguificat
543 751 622 810 aliud
642 753 698 810 nisi
718 771 748 810 se
770 752 806 810 ad
827 752 979 810 hominurn

137 831 358 889 commoditates
372 851 433 890 esse
445 833 614 909 generatosl
657 837 722 890 159.
746 831 823 901 Quid
836 833 873 889 de
886 831 979 889 bobus

135 912 254 988 loquarl
276 931 398 988 quorum
412 911 475 989 ipsa
488 920 569 989 terga
584 911 729 970 declarant
743 932 801 970 non
819 931 879 970 esse
896 931 925 970 se
942 911 979 968 ad

137 1011 211 1049 onus
227 992 426 1068 accipiendum
442 991 572 1069 figurata,
588 993 710 1050 cemicas
726 1000 823 1050 antem
840 999 923 1049 natae
942 992 979 1048 ad

135 1072 246 1148 iugum,
261 1079 325 1129 tum
342 1072 415 1129 vires
431 1091 594 1130 umerorum
613 1079 642 1130 et
655 1072 821 1130 latitudines
836 1073 873 1130 ad
887 1080 979 1130 aratra

136 1151 319 1209 extrahenda
359 1150 477 1221 Quibus,
493 1172 559 1209 cum
579 1160 670 1210 terrae
691 1153 890 1230 subigerentur
910 1151 980 1208 fissi·

136 1250 192 1289 one
211 1231 384 1308 glaebarum,
400 1231 436 1288 ab
457 1231 507 1289 illo
528 1251 614 1290 aureo
635 1252 746 1309 genere,
762 1240 795 1290 nt
815 1240 920 1310 poetae
940 1230 980 1288 lo-

136 1319 273 1388 quuntur,
285 1311 328 1368 vis
342 1311 420 1368 nulla
433 1332 569 1389 umquam
586 1312 775 1371 adserebatur.

215 1447 308 1494 Ferrea
321 1453 374 1494 tum
385 1461 443 1495 vero
455 1446 536 1509 proles
547 1454 636 1496 exorta
646 1454 746 1509 repente
757 1453 794 1495 est

215 1514 335 1574 Ansaque
346 1512 469 1560 funestum
481 1512 561 1574 prima
572 1521 609 1560 est
620 1511 763 1560 fabricarier
774 1525 859 1560 ensem

214 1577 249 1625 Et
258 1586 359 1638 gustare
370 1592 446 1625 manu
457 1578 567 1626 vinctum
580 1577 751 1640 domitumque
762 1577 900 1626 iuvencum.

135 1711 230 1769 Tanta
245 1710 401 1788 putabatur
417 1711 526 1769 utilitas
541 1712 652 1789 percipi
666 1731 701 1770 ex
715 1710 815 1785 bobus,
831 1719 864 1770 nt
880 1731 979 1770 eorum

136 1791 292 1849 visceribus
305 1792 381 1849 vesci
396 1791 486 1849 scelus
499 1791 659 1850 haberetur.

177 1871 284 1930 LXIV.
307 1871 440 1948 Longum
461 1878 505 1929 est
526 1871 668 1929 mulorum
687 1873 820 1950 persequi
840 1872 980 1930 utilitates

136 1957 167 2009 et
187 1951 341 2023 asinorum,
357 1971 429 2028 quae
450 1958 525 2009 certe
542 1952 579 2010 ad
592 1952 743 2009 hominnm
764 1972 848 2010 nsum
865 1960 980 2030 paratae

136 2037 212 2090 sunt.
257 2037 322 2090 160.
352 2031 407 2089 Sus
431 2051 498 2090 vero
527 2031 597 2109 quid
621 2032 709 2091 habet
732 2041 844 2110 praeter
867 2033 980 2091 escaml

136 2111 193 2168 Cui
213 2111 339 2189 quidem,
355 2131 392 2170 nc
408 2119 576 2190 putesceret,
592 2113 718 2170 animam
739 2115 831 2190 ipsam
848 2132 901 2190 pro
923 2113 980 2170 sale

136 2192 235 2249 datam
262 2192 334 2250 dicit
360 2211 420 2250 esse
448 2192 636 2270 Chrysippus
678 2192 742 2261 Qua
767 2193 886 2270 pecude,
902 2194 980 2270 qnod

136 2279 198 2329 erat
214 2272 251 2329 ad
267 2272 439 2330 vescendum
456 2272 622 2330 hominibus
638 2280 714 2348 apta,
729 2272 801 2329 nihil
816 2273 917 2348 genuit
933 2292 979 2330 ua-

136 2359 202 2408 tnra
222 2352 382 2409 fecundius.
425 2351 503 2421 Quid
519 2352 735 2410 multitudinem
754 2353 980 2429 suavitatemque

136 2431 260 2510 piscium
281 2431 384 2503 dicam,
400 2432 470 2508 quid
486 2432 599 2490 avinml
619 2451 654 2489 ex
675 2431 779 2509 quibus
795 2438 876 2488 tanta
892 2432 981 2508 perci·

135 2511 216 2588 pitnr
236 2511 376 2588 voluptas,
393 2520 426 2568 ut
445 2512 590 2569 interdum
607 2511 740 2569 Pronoea
760 2517 858 2568 nostra
878 2510 981 2587 Epicu·

135 2609 185 2648 rea
204 2591 293 2648 fuisse
314 2590 451 2648 videatur.
493 2592 592 2668 Atque
608 2590 662 2648 hae
678 2610 714 2649 ne
731 2597 900 2667 caperentur
920 2591 981 2668 qui·

136 2671 213 2741 dem,
229 2671 285 2727 nisi
308 2670 460 2728 homiuum
488 2672 598 2728 ratione
625 2678 711 2748 atque
736 2671 868 2742 sollertia,
884 2689 981 2748 quam·

137 2769 224 2827 quam
246 2769 313 2808 aves
335 2751 472 2826 quasdam
494 2757 524 2808 et
545 2750 627 2808 alites
648 2759 678 2808 et
700 2751 819 2822 oscines,
837 2757 870 2807 nt
889 2751 981 2809 nostri

136 2849 259 2906 augures
280 2830 434 2907 appellant,
450 2850 544 2888 rernm
565 2831 795 2907 augurandamm
816 2849 901 2888 cansa
921 2850 981 2889 esse

135 2919 219 2968 natas
241 2916 384 2986 putamus.
430 2915 496 2969 161.
519 2909 581 2968 Iam
603 2929 670 2967 vero
693 2911 833 2968 immanes
855 2911 981 2968 etseras

135 2989 235 3047 beluas
257 2989 448 3047 nanciscimur
469 2989 608 3061 venaud0,
624 2996 657 3046 ut
679 2997 708 3047 et
730 3009 877 3047 vescamur
895 2990 931 3048 iis
951 2997 981 3048 et

136 3089 319 3128 exerceamur
333 3070 363 3126 in
380 3069 511 3126 venando
526 3068 563 3125 ad
577 3068 794 3127 similitudinem
808 3069 925 3127 bellicae
939 3069 981 3126 di·

136 3149 275 3227 scipliuae
292 3156 321 3206 et
338 3156 453 3206 utamur
467 3148 586 3206 domitis
602 3156 631 3206 et
644 3149 866 3221 condocefactis,
882 3149 981 3208 uteie
