2224 3446
251 141 320 189 LlB.
335 139 383 199 11,
397 140 476 188 CAP.
490 139 690 200 LXl.-LXlV.,
704 138 718 198 ἓ
733 141 852 188 127-133.
927 141 975 186 243

134 260 173 297 se..
217 245 283 296 130.
309 238 489 315 Chrysippus
510 238 626 316 quidem
647 238 854 296 divinationem
875 237 976 296 definit

135 320 181 376 his
194 319 296 390 verbis,
309 319 326 346 ‘⁴
336 319 395 375 vim
409 325 627 396 cognoscentem
644 325 673 376 et
686 318 832 376 videntem
846 323 876 376 et
890 319 977 395 expli-

135 406 248 457 cantem
269 399 351 475 signa
368 417 439 475 qnae
461 418 478 454 a
498 399 542 455 dis
558 397 724 455 hominibus
739 396 976 475 portendantur,''

136 477 263 534 officinm
284 484 380 534 autem
397 497 457 535 esse
474 479 534 535 eius
551 497 734 554 praenoscere
751 477 782 534 di
798 496 866 554 erga
885 476 978 534 homi·
1004 527 1006 532 .

136 577 187 614 nes
200 563 297 614 mente
312 577 368 634 qua
382 557 439 614 sint
454 557 579 634 quidque
594 557 756 635 significent
770 576 855 635 quem
869 557 907 614 ad
917 576 978 614 ruo-

136 637 263 714 dumque
280 656 314 694 ea
329 644 517 714 procurentur
533 645 619 714 atque
638 637 795 715 expientur.
838 637 977 713 Idemque

137 716 314 773 somniorum
340 716 547 774 coniectionem
570 717 671 775 definit
692 717 747 774 hoc
770 715 868 788 modo,
890 715 977 774 “esse

138 797 197 852 vim
218 802 381 854 cernentem
402 802 431 852 et
448 796 655 872 explanantem,
672 816 744 874 qnae
761 816 778 856 a
794 797 839 854 dis
854 795 978 853 homini·

137 875 192 932 bus
212 875 408 952 significentur
424 876 454 932 in
471 875 606 934 somnia.”
649 874 726 944 Quid
743 878 830 954 ergol
854 877 891 934 ad
908 875 977 932 haec

138 955 276 1012 mediocri
291 975 363 1032 opus
378 962 421 1013 est
434 955 586 1032 prudentia
600 975 635 1012 an
651 963 680 1013 et
693 957 810 1032 ingenio
821 956 977 1033 praestanti

139 1042 169 1092 et
189 1035 349 1092 eruditione
367 1036 513 1111 perfecta?
553 1035 651 1092 Talem
672 1041 769 1093 antem
790 1036 978 1112 cognovimus

139 1115 291 1172 neminem.
337 1114 445 1173 LXIV.
489 1120 554 1172 131.
577 1114 653 1172 Vide
674 1115 762 1191 igitur
782 1134 826 1186 ne,
845 1116 932 1172 etiam
953 1115 978 1174 si

139 1194 345 1252 divinationem
370 1195 425 1252 tibi
449 1214 509 1252 esse
531 1213 704 1265 conoessero,
720 1194 798 1270 qnod
820 1213 978 1270 numquam

140 1274 252 1346 faciam,
268 1274 411 1336 neminem
429 1281 525 1332 tamen
542 1274 672 1331 divinum
688 1273 809 1350 reperire
826 1274 976 1349 possimus.

140 1352 238 1421 Qualis
254 1360 350 1410 autem
367 1354 423 1410 ista
438 1373 519 1410 mens
536 1361 579 1410 est
593 1353 720 1424 deorum,
733 1353 757 1409 si
771 1371 863 1430 neque
880 1371 913 1409 ea
929 1372 979 1409 no

139 1433 184 1490 bis
199 1432 360 1509 significant
374 1433 404 1489 in
419 1434 534 1504 somnia,
547 1453 619 1510 quae
633 1433 689 1510 ipsi
703 1451 754 1508 per
767 1451 820 1488 nos
834 1432 979 1508 intellega-

139 1533 212 1582 mus,
224 1531 317 1589 neqne
331 1531 371 1584 ea,
384 1532 506 1589 quornm
519 1513 688 1590 interpretes
701 1510 805 1570 habero
818 1511 979 1588 possimusl

116 1611 124 1620 ’
139 1591 254 1650 Similes
275 1593 352 1649 enim
373 1599 440 1649 sunt
456 1592 494 1664 di,
511 1592 534 1650 si
551 1612 584 1649 ea
600 1592 684 1650 nobis
702 1592 839 1662 obiciunt,
856 1609 978 1668 quorum

140 1691 233 1748 neque
246 1672 393 1730 seientiam
405 1691 498 1748 neque
511 1672 722 1748 explanatorem
734 1671 896 1742 habeamus
908 1677 980 1728 tam-

140 1771 227 1828 quam
244 1752 267 1808 si
284 1751 377 1809 Poeni
394 1758 443 1809 aut
459 1752 583 1828 Hispani
600 1752 630 1808 in
648 1757 747 1808 senatu
767 1757 866 1808 nostro
883 1750 980 1827 loque·

140 1837 238 1888 rentur
252 1831 313 1888 sine
326 1832 488 1908 interprete.
529 1837 593 1889 132.
612 1831 674 1889 Iam
685 1849 752 1888 vero
767 1849 823 1907 quo
834 1830 980 1907 pertinent

140 1911 328 1969 obscuritates
355 1918 384 1968 et
411 1912 574 1987 aenigmata
600 1911 797 1968 somniorum?
848 1909 980 1986 Intellegi

141 1991 217 2048 enirn
232 2010 249 2049 a
262 1991 346 2048 nobis
360 1991 391 2048 di
404 1990 475 2047 velle
490 1990 632 2048 debebant
646 2009 686 2062 ea,
700 2009 771 2068 quae
785 1997 883 2048 nostra
896 2010 980 2048 causa

141 2091 193 2128 nos
210 2077 367 2129 monerent
411 2070 506 2139 Quint
526 2076 615 2147 poeta
631 2089 725 2141 nemo,
741 2090 826 2128 nemo
843 2070 980 2148 physicus

140 2151 296 2208 obscurusl
337 2149 388 2206 ille
405 2166 470 2206 vero
488 2151 575 2207 nimis
588 2152 675 2209 etiam
690 2150 826 2208 obscurus
840 2151 981 2228 Euphori-

141 2250 187 2290 on.
232 2236 296 2288 133.
315 2230 358 2288 At
377 2249 436 2286 non
456 2229 609 2291 Homerus.
651 2229 726 2288 Uter
749 2231 838 2308 igitur
861 2230 980 2288 meliori

141 2309 234 2368 Valde
266 2309 430 2368 Heraclitus
462 2312 606 2380 obscurus,
633 2309 753 2367 minime
787 2310 978 2368 Democritus.

141 2389 220 2448 Num
234 2389 322 2466 igitur
336 2388 521 2447 conferendi?
562 2388 628 2446 Mea
641 2408 724 2446 cansa
735 2408 781 2446 me
791 2409 891 2448 mones
903 2390 980 2466 quod

141 2489 200 2527 non
223 2469 407 2546 intellegam?
447 2468 526 2536 Quid
549 2487 596 2525 me
620 2469 709 2545 igitur
732 2471 851 2527 monesi
891 2469 935 2528 Ut
957 2469 980 2526 si

142 2550 205 2627 quis
218 2548 346 2606 medicus
360 2556 478 2626 aegroto
492 2549 621 2626 imperet,
633 2554 667 2605 ut
680 2556 774 2605 sumat

173 2659 342 2722 Terrigenam,
351 2659 532 2721 herbigradum,
540 2659 713 2720 domiportum,
723 2659 842 2719 sanguiue
853 2673 948 2708 cassam

141 2763 238 2899 potins
264 2782 349 2840 quam
373 2763 525 2820 hominum
550 2783 630 2821 more
655 2761 826 2819 “cochleam
837 2761 853 2788 ”
879 2763 979 2820 dicere.

171 2862 217 2899 am
231 2843 410 2900 Pacuvianus
427 2842 573 2919 Amphio:

239 2955 385 3018 Quadrupes
397 2955 548 3016 tardigrada,
558 2955 670 3015 agrestis,
680 2954 788 3014 humilia,
799 2969 892 3016 aspera,

240 3022 328 3084 Capite
340 3021 414 3080 brevi,
424 3021 519 3069 cervice
530 3021 644 3080 anguina,
653 3029 754 3080 aspectu
767 3021 839 3080 truci,

238 3087 390 3147 Evisceruta,
401 3085 518 3146 inanima,
528 3100 585 3134 curn
596 3085 699 3134 animali
710 3100 778 3146 sonu,

141 3203 208 3244 cum
226 3185 344 3244 dixisset
358 3185 513 3257 obscurius,
525 3192 589 3244 tum
602 3183 696 3244 Astici
710 3183 900 3262 respondent:
