2220 3432
248 135 317 185 LIB.
331 135 363 196 1,
376 132 455 184 CAP.
472 132 731 196 XXXIX.-XLI.,§
750 135 870 183 109-115.
950 135 981 183 41

139 243 169 295 et
180 242 230 294 aut
241 235 420 293 Iuventatem
435 241 485 292 aut
495 233 694 310 Ganymedem
705 234 809 310 pocula
821 233 984 290 ministran-

139 323 209 387 tem,
224 322 257 373 tu
277 322 383 386 autem,
398 315 530 392 Epicure,
544 314 614 391 quid
635 315 742 371 faciest
783 313 885 390 Neque
905 314 982 370 enim

139 396 217 454 unde
231 395 335 452 habeat
349 395 405 452 ista
418 395 488 452 deus
502 401 569 451 tuus
584 394 667 452 video
681 413 733 452 uec
748 413 805 470 quo
819 393 909 450 modo
923 401 984 449 uta-

140 483 195 534 tur.
238 474 423 552 Locupletior
442 475 531 552 igitur
550 474 701 546 hominum
721 481 824 530 natura
844 472 880 532 ad
902 472 983 529 beate

140 555 296 613 vivendum
316 561 360 612 est
380 573 466 632 quam
488 554 616 626 deorum,
632 554 710 631 quod
726 553 855 630 pluribus
876 553 984 629 generi-

140 635 196 693 bus
208 635 316 693 fruitur
329 634 519 711 voluptatum.
564 639 630 691 113.
652 633 694 691 At
708 633 760 690 has
776 633 896 690 leviores
912 631 984 689 dicis

140 716 313 792 voluptates,
323 714 427 792 quibus
441 714 522 791 quasi
536 711 822 788 titillatio—Epicuri
837 713 913 770 enim
928 711 984 769 hoc

140 795 261 852 verbum
276 794 513 852 est—adhibetur
526 793 663 851 sensibus.
707 792 875 870 Quousque
890 792 984 850 ludisl

141 875 218 932 Nam
233 875 320 932 etiam
334 873 421 931 Philo
437 880 535 931 noster
548 874 624 931 ferra
640 892 698 930 non
713 880 827 950 poterat
841 873 984 949 aspernari

141 955 300 1031 Epicureos
323 954 426 1012 molles
450 961 479 1012 et
503 954 639 1011 delicatas
662 953 843 1030 voluptates:
872 971 985 1010 summa

142 1033 220 1091 enim
243 1032 382 1090 memoria
404 1033 610 1108 pronuntiabat
629 1033 767 1111 plurimas
787 1033 906 1110 Epicuri
924 1051 985 1090 sen·

141 1112 248 1170 tentias
264 1111 310 1169 his
325 1112 396 1189 ipsis
413 1112 514 1184 verbis,
531 1113 634 1189 quibus
654 1120 735 1172 eraut
754 1114 884 1191 scriptae.
927 1112 985 1170 Me·

142 1193 254 1250 trodori
264 1211 340 1265 vero,
351 1192 401 1270 qui
411 1200 454 1250 est
466 1192 583 1269 Epicuri
597 1192 707 1270 collega
720 1194 885 1270 sapientiae,
894 1192 985 1250 multa

142 1273 356 1350 impudentiore
371 1272 516 1330 recitabat.
558 1272 684 1331 Accusat
701 1274 778 1330 euim
792 1272 984 1331 Timocratem

142 1354 262 1411 fratrem
277 1372 359 1410 suum
374 1352 564 1423 Metrodorus,
575 1354 653 1430 quod
667 1353 780 1411 dubitet
795 1353 900 1423 omnia,
913 1371 984 1429 quae

143 1433 181 1490 ad
196 1433 310 1490 beatam
325 1433 412 1490 vitam
430 1433 601 1510 pertineant,
614 1440 711 1490 ventre
728 1433 833 1503 metiri,
844 1451 937 1507 neque
954 1432 985 1488 id

144 1513 231 1570 semel
249 1512 328 1584 dicit,
344 1513 394 1570 scd
411 1513 530 1589 saepius.
573 1513 710 1570 Adnucre
726 1519 755 1568 te
772 1512 864 1569 video.
907 1511 986 1568 Nota

144 1593 221 1650 enim
238 1593 293 1650 tibi
310 1599 385 1650 suut.
427 1592 590 1650 Proferrem
608 1593 705 1664 libros,
721 1592 744 1648 si
761 1611 886 1668 negares.
929 1590 985 1648 Ne-

144 1692 200 1750 que
224 1691 300 1730 nunc
322 1671 508 1749 reprehendo,
528 1673 607 1750 quod
628 1673 665 1730 ad
686 1672 863 1749 voluptatem
888 1672 986 1729 omnia

143 1753 420 1811 referanturz-alia
442 1759 485 1810 cst
504 1772 537 1810 ea
558 1753 780 1830 quaestio-sed
803 1752 893 1809 doceo
916 1751 985 1809 deos

143 1839 254 1890 vestros
274 1851 335 1889 esse
352 1831 508 1909 voluptatis
529 1840 675 1910 expertes:
700 1833 742 1890 ita
763 1841 856 1890 vestro
877 1832 985 1890 iudicio

143 1932 181 1970 ne
198 1912 298 1970 beatos
315 1912 439 1989 quidem.
483 1911 560 1970 XLI.
582 1912 625 1970 At
639 1912 737 1970 dolore
751 1920 860 1970 vacant.
903 1912 984 1969 Satin

144 1992 241 2050 estid
263 1992 301 2049 ad
322 1991 400 2049 illam
425 1991 619 2049 abundantem
641 1993 726 2049 bonis
748 1993 836 2049 vitam
858 1992 986 2050 beatissi-

143 2073 241 2130 maml
283 2076 348 2129 114.
367 2072 494 2148 Cogitat,
506 2073 649 2149 inquiunt,
661 2073 780 2131 adsidue
794 2072 909 2130 beatum
925 2091 985 2129 esse

144 2169 191 2210 se:
214 2151 300 2210 habet
322 2152 398 2209 enim
421 2151 494 2209 nihil
516 2152 595 2210 aliud
617 2152 695 2230 quod
717 2153 807 2230 agitet
828 2154 858 2209 in
879 2160 983 2209 mente.

144 2231 364 2309 Comprehende
381 2232 470 2308 igitur
491 2233 589 2290 animo
610 2241 639 2290 et
655 2251 785 2310 propone
806 2241 871 2290 ante
888 2231 986 2289 oculos

144 2312 231 2369 deum
256 2312 328 2369 nihil
351 2312 429 2370 aliud
451 2314 480 2369 in
502 2313 582 2369 omni
603 2314 769 2370 aeternitate
791 2313 861 2370 nisi:
886 2311 985 2368 “Mihi

144 2391 264 2469 pulchre
287 2391 357 2463 est,”
379 2400 424 2449 et:
450 2392 540 2469 “Ego
561 2392 662 2450 beatus
686 2391 777 2464 sum,''
801 2393 984 2468 cogitantem.

145 2471 208 2530 Nec
228 2479 325 2529 tamen
343 2472 426 2530 video
444 2492 501 2551 quo
519 2473 607 2530 modo
624 2492 683 2529 non
700 2479 829 2530 vereatur
845 2474 899 2530 iste
916 2471 986 2527 deus

145 2552 299 2610 beatusne
315 2553 445 2624 intereat,
460 2572 526 2611 curn
544 2554 604 2610 sine
625 2553 683 2609 ulla
699 2552 909 2610 intermissione
926 2551 987 2627 pul-

146 2640 225 2690 setur
246 2633 426 2710 agiteturque
449 2641 612 2690 atomorum
629 2633 791 2690 incursione
815 2631 987 2707 sempiterna

146 2730 269 2788 cumque
286 2732 320 2770 ex
334 2713 398 2789 ipso
412 2713 552 2789 imagines
569 2731 681 2788 semper
697 2711 833 2769 adfluant.
876 2710 921 2767 Ita
934 2729 986 2767 nec

145 2789 247 2848 beatus
262 2799 305 2848 est
318 2799 411 2850 vester
425 2793 495 2850 deus
508 2812 561 2849 nec
575 2799 712 2850 aeternus.

191 2877 255 2928 115.
273 2873 316 2928 At
336 2872 423 2929 etiarn
444 2873 480 2930 de
501 2873 660 2943 sanctitate,
676 2872 711 2929 de
725 2871 833 2948 pietate
853 2869 987 2927 adversus

147 2950 218 3007 deos
233 2949 321 3008 libros
338 2951 452 3028 scripsit
465 2952 614 3028 Epicurus.
657 2951 699 3008 At
717 2971 773 3028 quo
790 2950 878 3007 modo
895 2951 925 3006 in
942 2949 987 3005 his

48 3033 58 3050 ‘
146 3029 291 3107 loquitur?
331 3031 376 3090 Ut
393 3031 604 3089 Coruncanium
626 3037 676 3087 aut
693 3029 856 3088 Scaevolam
873 3028 987 3106 pontifi·

148 3129 196 3168 ces
209 3111 350 3168 maximos
363 3118 392 3168 te
407 3112 504 3169 audire
518 3111 605 3182 dicas,
616 3129 676 3166 non
692 3129 758 3167 eum
776 3109 825 3186 qui
842 3107 987 3166 sustulerit

149 3209 265 3248 omnem
275 3191 408 3249 funditus
421 3191 598 3268 religionem,
609 3209 661 3247 nec
675 3189 815 3258 manibuS,
825 3196 858 3245 ut
868 3189 986 3254 Xerxes,
