2242 3436
254 144 324 194 mn.
339 143 478 206 11,,111.
492 142 719 205 1111111111,
733 143 747 204 5
761 147 881 196 111-111.
939 149 986 195 105

132 265 241 305 semus
258 246 295 304 ob
309 246 361 303 has
378 265 483 317 causae,
496 265 567 323 quas
585 253 651 303 ante
668 246 801 318 diximus,
813 246 858 304 his
873 267 986 325 qnoque

144 326 311 384 hominibus
338 325 499 397 consulunt,
516 326 566 403 qui
586 325 637 382 has
661 325 811 384 nobiseum
835 335 923 384 terras
950 329 986 385 ab

144 407 254 464 oriente
275 407 312 464 ad
329 406 507 464 occidentem
528 405 634 463 colunt.
679 412 744 464 165.
770 406 821 464 Sin
838 415 933 465 autem
950 410 986 465 iis

143 485 305 558 consulunt,
321 487 371 563 qui
388 487 469 563 quasi
485 505 620 563 magnam
638 487 781 564 quandam
802 487 924 545 insulam
946 489 987 545 in-

143 566 253 637 colunt,
269 586 355 643 quam
372 585 425 623 nos
442 565 541 623 orbem
557 572 648 623 terrae
669 584 812 636 vocamus,
828 566 913 624 etiam
931 566 987 622 illis

143 646 305 716 consulunt,
321 647 371 723 qui
387 652 482 723 partes
503 647 564 704 eius
585 645 694 704 insulae
711 653 819 716 tenent,
831 645 984 723 Europam,

142 725 253 798 Asiam,
265 726 405 783 Africam.
448 725 525 803 Ergo
543 733 572 784 11
586 745 683 783 earum
697 733 792 803 partes
808 725 941 802 diligunt,
953 732 987 782 ut

142 805 276 876 Romam,
291 805 430 877 Athenas,
445 805 586 883 Spartam,
599 805 735 864 Rhodum
753 815 782 863 11
799 825 894 863 earum
912 806 987 862 urbi-

142 905 193 942 um
208 885 360 961 separatim
375 886 412 943 ad
426 887 565 944 universis
579 885 708 964 singulos
724 886 857 962 diligunt,
869 894 903 943 ut
916 885 987 963 Pyr·

141 965 189 1022 rhi
212 963 289 1023 bello
317 966 446 1038 Curium,
464 966 635 1038 Fabricium,
653 966 874 1036 Coruncanium,
892 967 986 1043 primo

142 1044 255 1103 Punico
286 1044 458 1116 Calatinum,
478 1046 629 1116 Duillium,
652 1046 808 1115 Metellum,
829 1046 985 1116 Lutatium,

142 1125 269 1183 secundo
290 1125 458 1196 Maximum,
471 1125 645 1197 Marcellum,
658 1126 838 1197 Africanum,
849 1134 916 1203 post
933 1127 987 1182 bes

142 1204 285 1276 Paullum,
308 1205 478 1276 Gracchum,
501 1205 650 1277 Catonem,
671 1213 821 1282 patrumve
848 1207 988 1264 memoria

142 1284 318 1362 Scipionem,
334 1285 470 1356 Laelium,
485 1286 649 1363 multosque
670 1292 816 1362 praeterea
839 1293 868 1343 et
889 1294 987 1343 nostra

142 1365 244 1422 civitas
260 1372 290 1423 et
306 1365 425 1423 Graecia
441 1365 509 1424 tulit
526 1366 683 1442 singulares
701 1367 783 1436 viros,
800 1385 922 1442 quorum
939 1386 987 1423 ne

141 1446 251 1502 minem
266 1445 321 1502 nisi
335 1446 452 1503 iuvante
469 1446 523 1503 deo
537 1447 625 1503 talem
639 1445 728 1503 111111
745 1445 922 1502 eredendum
934 1453 984 1504 est.

144 1530 210 1582 166.
233 1524 312 1594 Quae
333 1526 407 1583 ratio
427 1533 531 1603 poetas
551 1526 731 1602 maximeque
752 1523 914 1582 Homerum
935 1526 987 1582 im·

142 1605 226 1682 pulit,
242 1612 274 1662 ut
295 1605 473 1683 principibus
497 1605 626 1678 heroum,
642 1605 732 1676 Ulixi,
747 1604 894 1676 Diomedi,
910 1605 987 1682 Aga·

141 1686 298 1758 memnoni,
314 1685 539 1757 Achilli,·eertos
560 1686 629 1743 deos
650 1685 848 1743 discriminum
870 1692 899 1743 et
915 1685 987 1762 peri-

141 1765 272 1823 culorum
301 1766 421 1823 comites
451 1766 627 1843 adiungeret.
680 1765 831 1824 Praeterea
857 1766 986 1842 ipsorum

141 1845 261 1903 deorum
280 1865 363 1923 saepe
377 1847 553 1923 praesentiae
568 1846 665 1924 quales
682 1865 767 1924 supra
783 1864 987 1903 commemora·
1008 1843 1011 1850 ’

141 1926 179 1997 vi,
192 1925 336 1983 declarant
350 1925 386 1983 ab
400 1925 445 1983 his
463 1933 492 1983 et
506 1927 671 1984 civitatibus
688 1933 716 1984 et
731 1926 850 2002 singulis
864 1925 987 1983 homini-

141 2006 197 2063 bus
217 2005 344 2069 consuli:
366 2006 578 2083 quodquidam
596 2006 772 2082 intellegitur
793 2006 880 2063 etiam
901 2006 988 2083 signi-

141 2085 323 2144 ficationibus
345 2105 438 2143 rerum
461 2087 632 2156 futurarum,
645 2106 716 2163 quac
737 2093 799 2143 tum
822 2087 987 2144 dormienti-

141 2166 204 2237 bus,
219 2173 282 2223 tum
297 2165 483 2242 vigilantibus
497 2167 717 2242 portenduntur.
760 2165 852 2223 Multa
863 2173 1002 2244 'praeter'

142 2265 176 2304 ea
203 2246 332 2317 ostentis,
351 2246 442 2303 multa
466 2247 553 2303 etiam
574 2247 648 2303 extis
668 2246 857 2303 admonemur
878 2246 988 2303 multis-

143 2345 199 2404 que
219 2326 303 2384 rebus
324 2326 395 2397 aliie,
412 2345 482 2403 quas
502 2327 655 2383 diutumus
676 2346 744 2383 usus
760 2328 801 2382 ita
822 2326 941 2397 notavit,
954 2333 987 2383 ut

142 2413 233 2464 artem
251 2406 437 2463 divinationis
458 2405 588 2464 efficeret.
634 2407 699 2464 167.
722 2405 816 2462 Nemo
834 2405 924 2480 igitur
944 2407 988 2462 vir

141 2505 265 2564 magnus
289 2487 350 2544 sinc
377 2486 474 2562 aliquo
502 2486 609 2544 adflatu
634 2486 732 2543 divino
756 2503 894 2561 umquam
919 2485 984 2542 fuit.

142 2566 172 2624 N
173 2586 204 2623 ec
221 2585 287 2624 vero
303 2566 344 2623 ita
360 2565 549 2623 refellendum
567 2573 617 2639 est,
630 2573 671 2637 ut,
684 2566 708 2622 si
723 2565 867 2642 segetibus
883 2571 933 2621 aut
948 2565 988 2621 vi-

141 2646 217 2704 nctis
234 2646 393 2724 cuiuspiam
412 2653 567 2725 tempestas
583 2645 714 2704 nocuerit
730 2652 780 2703 aut
795 2644 818 2702 si
833 2644 903 2721 quid
918 2663 933 2701 1
948 2645 987 2701 vi-

141 2733 189 2784 tae
206 2726 367 2783 commodis
384 2745 464 2783 casus
481 2725 638 2798 abstulerit,
651 2745 725 2796 eum,
738 2725 783 2782 eui
799 2724 869 2802 quid
882 2723 986 2782 horum

142 2805 286 2878 acciderit,
299 2813 349 2864 aut
363 2806 487 2863 invisum
502 2806 556 2863 deo
574 2813 624 2863 aut
637 2805 799 2883 neglectum
815 2824 832 2861 a
845 2804 899 2862 deo
914 2805 987 2863 iudi-

142 2905 247 2944 cemus.
291 2885 397 2963 Magna
421 2886 452 2943 di
468 2892 577 2956 curant,
592 2905 680 2962 parva
700 2885 864 2962 neglegunt.
908 2885 987 2961 Mag-

141 2966 187 3023 nis
210 2972 306 3024 autem
331 2967 399 3023 viris
421 2985 556 3043 prospere
574 2961 734 3043 [eveniunt]
753 2985 866 3042 semper
887 2984 987 3022 omnes

142 3065 195 3116 111,
212 3046 236 3102 11
254 3045 370 3123 quidem
392 3047 461 3103 11111
478 3066 495 3103 1
511 3046 617 3103 1111111
633 3053 663 3103 11
680 3065 696 3102 1
712 3046 841 3123 principe
862 3044 986 3122 philoso-

141 3125 228 3203 phiae
249 3125 366 3184 Socrate
387 3125 498 3186 dietum
515 3133 559 3184 est
575 3124 611 3184 de
627 3125 806 3185 ubertatibus
822 3125 937 3185 virtutis
957 3130 987 3182 et

141 3225 242 3285 copus,
466 3230 468 3234 ’
