2242 3436
291 113 360 161 1111.
373 111 497 172 1.,011.
509 111 864 175 xxxv11.-xn.‚§sr-ar.
953 118 1001 164 111

159 215 185 272 si
199 213 308 284 Graeci,
321 213 345 270 si
361 213 482 283 barbari,
494 213 519 270 si
532 213 654 270 maiores
669 214 756 272 etiam
772 215 872 286 nostri,
885 215 909 272 si
924 215 1002 274 deni-

159 314 215 372 que
227 294 282 351 hoe
293 312 405 369 semper
415 293 456 350 ita
466 300 599 369 putatum
611 300 661 364 est,
674 294 698 350 si
709 295 815 351 summi
825 295 998 373 philosophi,

158 375 184 431 si
200 380 313 450 poetae,
330 373 354 430 si
370 373 572 450 sapientissimi
587 373 648 444 viri,
664 374 713 450 qui
730 393 774 430 res
790 375 919 452 publicas
935 395 1001 432 con-

158 455 323 524 stituerunt,
336 453 386 530 qui
400 451 484 510 urbes
498 452 705 510 condiderunt?
746 454 794 510 An
808 455 879 511 dum
892 455 1000 512 bestiae

157 535 313 610 loquantur
333 532 704 610 exspectamuS,hominu1n
721 534 917 592 consentiente
937 555 1001 592 auc·

157 614 275 671 toritate
297 613 427 670 contenti
447 632 505 669 non
526 614 642 670 sumusl
684 619 729 670 85.
753 613 814 671 Nec
833 634 900 674 vero
926 616 1002 692 quic-

158 713 245 771 quam
262 689 341 750 aliud
355 692 483 749 adfertur
499 711 550 750 cur
566 711 691 770 eaquae
705 693 778 764 dice,
791 693 940 750 divinandi
953 713 1000 771 ge-

157 793 227 831 nera
242 773 320 830 nulla
334 773 399 843 sint,
412 772 467 841 nisi
483 772 560 849 quod
575 772 689 830 difficile
706 773 786 830 dictu
800 773 913 832 videtur
927 793 999 851 quae

157 854 296 930 cuiusque
319 852 505 910 divinationis
528 853 610 922 ratio,
630 872 701 930 quae
726 873 810 911 causa
834 854 879 911 sit.
921 853 999 923 Quid

157 934 235 990 enim
250 933 337 991 habet
350 932 491 1009 haruspex
506 951 555 990 0111
569 932 668 1009 pulmo
682 934 788 991 incisus
804 934 891 991 etiam
905 934 935 990 in
951 934 1000 992 bo-

157 1014 203 1071 nis
220 1014 293 1070 extis
307 1013 424 1069 dirimat
437 1020 551 1088 tempus
568 1019 597 1069 et
610 1013 738 1088 proferat
751 1014 847 1071 dleml
869 1014 938 1090 quid
952 1034 1000 1071 au-

157 1112 213 1169 gur
229 1113 279 1151 cur
295 1113 312 1150 a
328 1093 428 1150 dextra
444 1111 552 1162 corvus,
569 1111 585 1148 a
604 1093 718 1150 sinistra
737 1094 836 1150 cornix
852 1095 940 1151 faciat
958 1114 1000 1151 ra-

157 1174 242 1230 tuml
267 1172 336 1249 quid
357 1170 517 1248 astrologus
538 1191 588 1229 cur
608 1172 689 1230 stella
709 1173 785 1230 lovis
810 1179 859 1230 aut
878 1173 999 1232 Veneris

158 1253 312 1310 coniuncta
336 1271 401 1310 cum
426 1250 507 1308 Luna
531 1253 667 1309 adortus
691 1271 845 1329 puerorum
869 1253 999 1310 salutaris

158 1333 204 1403 sit,
217 1329 333 1390 Saturni
347 1331 482 1389 Martisve
499 1333 657 1390 contrarial
678 1351 728 1388 cur
741 1339 836 1390 autem
851 1332 922 1390 deus
936 1333 999 1390 dor·

157 1413 280 1470 mientes
291 1431 343 1470 nos
358 1418 481 1480 moneat,
490 1410 641 1488 vigilantes
655 1411 804 1488 neglegatl
833 1411 999 1480 0111011011-

158 1493 195 1550 de
209 1511 309 1550 causae
323 1500 366 1550 est
377 1511 427 1549 cur
437 1491 595 1548 Cassandra
609 1492 707 1549 furens
721 1492 819 1548 futura
832 1491 997 1568 prospiciat,

158 1572 291 1630 Priamus
311 1573 424 1649 sapiens
442 1571 497 1628 hoc
517 1571 594 1629 idem
615 1571 708 1629 facere
728 1591 788 1629 non
806 1573 909 1648 queatl
951 1576 996 1629 86.

158 1652 217 1710 Cur
231 1652 281 1710 fiat
295 1652 422 1730 quidque
437 1651 565 1728 quaerisl
600 1651 688 1709 Recte
703 1652 829 1708 omnine.
866 1650 923 1708 Sed
940 1669 999 1708 non

52 1729 55 1734 ’
157 1752 235 1790 1111110
251 1732 282 1790 id
299 1732 401 1809 agitur.
444 1731 507 1788 Fiat
524 1751 613 1790 necne
629 1731 687 1802 fiat,
703 1731 735 1789 id
752 1730 902 1809 quaeritur.
944 1730 997 1802 Ut,

157 1813 182 1869 si
207 1819 370 1888 magnetem
394 1810 519 1888 lapidem
544 1832 604 1870 esse
631 1811 733 1882 dicam,
756 1812 806 1889 qui
829 1812 935 1868 ferrum
961 1811 1000 1868 ad

158 1912 188 1950 se
209 1893 324 1950 adliciat
341 1899 371 1949 et
391 1891 522 1963 attrahat,
539 1891 679 1950 rationem
700 1911 750 1949 0111
770 1891 800 1949 id
819 1892 869 1949 fiat
888 1891 999 1949 adferre

157 1991 306 2049 nequeam,
321 1971 382 2029 fieri
404 1971 522 2029 omnino
543 1991 637 2048 neges.
680 1971 765 2041 Quod
782 1973 858 2029 idem
878 1972 950 2029 facis
969 1971 998 2028 in
1049 2036 1053 2054 ι

157 2052 342 2124 divinatione,
354 2070 438 2129 quam
457 2059 487 2108 et
501 2052 642 2110 cernimus
658 2051 714 2129 ipsi
728 2059 758 2110 et
771 2052 903 2110 audimus
921 2059 949 2109 et
963 2051 1000 2108 le-

157 2133 253 2209 gimus
267 2139 296 2190 et
310 2151 327 2189 a
340 2131 470 2208 patribus
486 2133 661 2209 accepimus:
683 2152 776 2210 neque
793 2140 858 2190 ante
875 2131 1000 2209 philoso-

157 2212 257 2289 phiam
270 2213 453 2289 patefactam,
465 2231 537 2288 quae
551 2231 642 2289 nuper
656 2212 772 2270 inventa
786 2219 836 2284 est,
848 2212 902 2268 hac
917 2212 953 2269 de
969 2231 1000 2268 re

158 2293 320 2349 communis
330 2292 389 2350 vita
400 2291 550 2362 dubitavit,
561 2300 598 2364 01,
608 2299 709 2369 postea
720 2311 805 2369 quam
816 2291 1001 2369 philosophia

158 2372 304 2448 processit,
314 2391 400 2429 nemo
412 2371 492 2429 aliter
500 2371 690 2448 philosophus
700 2371 795 2442 sensit,
804 2371 834 2427 in
844 2391 901 2448 quo
910 2371 999 2428 modo

158 2459 232 2509 esset
242 2452 404 2509 auctoritas.
434 2451 480 2508 87.
496 2451 565 2508 Dixi
577 2453 613 2509 de
624 2451 798 2527 Pythagora,
807 2450 843 2508 de
854 2451 1001 2508 Democri·

157 2538 198 2602 10,
210 2531 246 2589 de
266 2530 390 2602 Socrate,
406 2531 505 2608 excepi
522 2531 558 2588 de
576 2531 702 2607 antiquis
719 2537 830 2608 praeter
846 2530 1001 2608 Xenopha-

86 2647 87 2650 =
157 2630 225 2668 nem
242 2612 394 2681 neminem,
407 2611 525 2668 adiunxi
539 2618 663 2669 veterem
679 2610 873 2679 Academiam,
887 2609 1000 2686 Peripa·

157 2691 268 2757 teticos,
279 2691 400 2749 Stoicos.
425 2691 510 2750 Unus
524 2691 658 2748 dissentit
668 2691 816 2768 Epicurus.
845 2688 923 2758 Quid
933 2709 999 2747 vero

157 2770 213 2828 hoc
224 2771 336 2848 turpius
347 2790 431 2847 quam
444 2771 523 2848 quod
533 2771 610 2829 idem
621 2770 729 2828 nullam
740 2777 836 2828 censet
846 2769 1001 2846 gratuitam

158 2869 218 2908 esse
232 2851 387 2908 virtutem?

198 2929 261 2987 XL.
283 2929 354 2999 Quis
369 2936 522 2988 astantem
537 2950 622 3008 quem
638 2949 696 2988 non
710 2935 825 2986 moveat
839 2928 1001 2986 clarissimis

158 3011 354 3067 monumentis
367 3016 472 3067 testata
485 3011 709 3088 consignataque
724 3009 898 3086 antiquitas?
938 3006 1001 3064 Cal-

133 3123 138 3138 =
159 3089 292 3146 chantem
310 3108 446 3165 augurem
468 3089 566 3147 scribit
588 3091 733 3147 Homerus
754 3087 839 3164 longe
857 3087 1000 3164 optimum

159 3187 282 3245 eumque
304 3168 407 3226 ducem
428 3168 559 3226 classium
582 3169 670 3227 fuisse
692 3169 728 3226 ad
750 3167 844 3238 Ilium,
863 3165 1000 3243 auspicio·

1031 3279 1087 3368 A
