2242 3436
283 125 353 175 nra.
368 125 399 186 1.,
413 125 840 190 on1³.xxr.-xx1v.‚‚§4a⁴ro.
938 133 985 180 roa

143 233 208 285 tota
221 225 325 284 domus
339 226 477 302 sangnine
490 224 670 284 redundaret.
705 227 790 296 Quod
801 229 900 286 matris
912 249 986 287 sorn-

143 307 226 364 nium
250 307 384 363 immanis
408 306 460 362 filii
484 307 636 364 crudelitas
660 307 864 384 comprobavit.
907 309 986 378 Quid

144 407 208 464 ege,
227 405 298 463 quac
319 387 397 462 magi
418 386 495 462 Cyro
512 385 554 442 illi
570 387 695 463 principi
712 388 890 465 interpretati
908 398 983 461 sunt,

144 487 179 525 ex
193 467 318 524 Dinonis
333 466 454 524 Persicis
465 466 629 542 proferam?
666 466 695 523 N
695 485 740 523 arn
753 487 818 525 cum
829 468 985 527 dormienti

144 547 171 605 ei
186 547 229 604 sol
243 547 280 604 ad
290 546 379 623 pedes
392 547 469 603 visus
484 553 565 616 esset,
578 553 622 603 ter
636 565 700 604 cum
713 547 810 605 scribit
821 549 927 606 frustra
938 569 986 625 ap-

143 627 279 704 petivisse
296 625 436 697 manibus,
449 645 515 683 cum
533 645 563 682 se
580 626 751 684 convolvens
768 626 811 685 sol
828 627 986 686 elaberetur

144 714 174 764 et
185 706 293 764 abiret:
311 707 337 764 ei
349 725 449 782 magos
460 705 573 775 dixisse,
585 706 662 782 quod
672 725 762 783 genus
774 707 945 784 sapientium
957 716 986 766 et

144 787 296 844 doctorum
310 786 469 844 habebatur
482 786 512 848 in
524 785 627 857 Persis,
639 804 674 843 ex
688 786 792 862 triplici
807 788 986 865 appetitione

144 867 214 924 solis
235 886 305 924 xxx.
321 885 412 923 annos
434 865 543 942 Cyrum
562 873 746 943 regnaturum
765 886 826 924 esse
842 869 984 944 portendi.

144 945 231 1015 Quod
247 947 289 1004 ita
309 947 440 1023 contigit.
484 945 559 1002 Nam
577 945 614 1002 ad
630 948 872 1023 septuagesimum
889 967 987 1024 perve-

144 1027 197 1097 nit,
210 1045 276 1084 cum
292 1046 337 1083 xi,
350 1035 434 1083 natus
448 1044 538 1083 annos
549 1044 667 1103 regnare
681 1026 828 1103 coepisset.
868 1029 914 1086 47.
934 1028 987 1085 Est

144 1107 276 1183 profecto
298 1106 437 1184 quiddam
457 1106 544 1163 ctiam
565 1105 596 1162 in
615 1105 742 1163 barbaris
758 1107 892 1183 gentibus
908 1127 987 1184 prae-

145 1187 271 1244 sentiens
280 1193 374 1263 'atque
390 1185 530 1256 divinans
546 1185 571 1242 si
585 1185 701 1262 quidem
716 1186 753 1243 ad
766 1194 889 1244 mortem
902 1187 988 1264 profi·

145 1267 255 1324 ciscens
271 1266 394 1324 Calenus
408 1265 506 1336 Indus,
519 1284 584 1322 cum
598 1265 777 1324 inscenderet
787 1267 817 1323 in
832 1286 935 1343 rogum
946 1287 988 1324 ar-

146 1347 278 1404 dentem:
298 1346 351 1404 “0
367 1346 541 1422 praeclarum
556 1345 712 1403 discessum
721 1345 737 1373 ’²
752 1346 847 1423 inquit
862 1349 904 1404 “e
919 1347 985 1418 vita,

145 1446 220 1498 oum,
232 1432 266 1484 ut
280 1426 398 1483 Herculi
412 1425 543 1502 contigit,
554 1425 670 1483 mortali
684 1445 802 1502 corpore
816 1433 941 1484 cremato
956 1428 987 1484 in

145 1506 238 1564 lucem
253 1507 365 1563 animus
376 1507 526 1564 excesserit
536 1505 567 1564 l”
605 1505 737 1582 Cumque
748 1505 911 1564 Alexander
921 1525 987 1564 eum

145 1594 267 1663 rogaret,
283 1587 306 1643 si
322 1587 392 1664 quid
409 1586 501 1656 vellet,
514 1592 547 1643 ut
560 1585 686 1643 diceret:
706 1586 722 1613 “
733 1585 851 1662 Optime
860 1585 877 1613 ’⁷
891 1587 988 1664 inquit

147 1668 164 1694 “
175 1667 343 1744 propediem
359 1673 389 1724 tc
406 1665 538 1724 videbo.'’
580 1665 666 1734 Quod
680 1666 721 1723 ita
737 1666 868 1742 contigit.
910 1666 986 1724 Nam

145 1746 296 1824 Babylone
310 1747 408 1824 paucis
421 1752 488 1823 post
502 1745 603 1804 diebus
617 1745 780 1803 Alexander
793 1753 838 1803 cst
847 1753 986 1805 mortuus.

146 1826 273 1885 Discedo
289 1845 443 1904 parumper
459 1845 476 1883 a
493 1827 621 1896 somniis,
633 1826 669 1882 ad
685 1845 756 1903 quae
773 1845 841 1883 mox
855 1833 986 1885 revertar.

146 1906 211 1975 Qua
224 1915 308 1964 nocte
321 1905 462 1983 templum
477 1905 618 1982 Ephesiae
632 1906 742 1964 Dianae
756 1905 931 1983 deflagravit,
944 1927 989 1964 ca·

146 1987 213 2044 dem
231 1993 343 2044 constat
359 2006 394 2044 ex
411 1985 583 2063 Olympiade
600 1991 700 2043 natum
717 2005 777 2044 esse
791 1985 987 2044 Alexandrum

146 2074 241 2144 atque,
253 2066 303 2123 ubi
318 2066 410 2124 lucere
427 2068 576 2144 coepisset,
589 2065 749 2124 clamitasse
762 2085 863 2144 magos
877 2074 986 2142 pestem

146 2166 180 2204 ae
193 2147 348 2223 pernicicm
362 2145 449 2204 Asiae
463 2147 595 2223 proxima
609 2153 692 2204 nocte
709 2153 814 2204 natam.
856 2146 937 2204 Haec
952 2146 988 2204 dc

147 2226 228 2284 Indis
242 2234 271 2284 et
284 2226 385 2304 magis.
419 2226 533 2284 XXIV.
573 2232 619 2284 48.
642 2225 803 2283 Redeamus
817 2226 854 2282 ad
868 2227 986 2284 somnia.

147 2306 340 2364 Hannibalem
358 2305 471 2364 Caelius
488 2306 594 2378 scribit,
607 2325 671 2364 cum
687 2305 849 2363 columnam
865 2325 986 2376 auream,

148 2405 221 2464 quac
243 2393 318 2444 esset
339 2387 369 2444 in
390 2387 460 2444 fano
477 2386 596 2444 Iunonis
614 2385 752 2455 Laciniae,
769 2385 879 2442 auferre
904 2385 989 2443 vellet

147 2467 348 2543 dubitaretque
363 2475 459 2524 utrum
475 2485 508 2524 ca
521 2466 613 2523 solida
626 2471 700 2523 esset
712 2483 749 2520 an
763 2465 936 2521 extrinsecus
947 2466 989 2521 iu-

148 2554 255 2617 aurata‚
275 2546 518 2623 perterebravisse‚
541 2564 664 2623 cumque
689 2543 810 2601 solidam
833 2544 989 2602 invenisset

148 2627 351 2703 statuissetque
378 2625 486 2695 tollere,
506 2626 533 2683 ci
561 2624 716 2683 secundum
745 2624 870 2700 quietem
898 2625 987 2688 visam

148 2726 209 2764 esse
227 2706 367 2764 Iunonem
385 2706 546 2782 praedicere
562 2723 598 2762 ne
613 2705 644 2762 id
657 2705 765 2762 faceret
782 2702 948 2780 minarique,
964 2704 988 2760 si

148 2786 179 2843 id
193 2786 317 2857 fecisset,
326 2805 355 2843 se
369 2793 528 2843 curaturam
544 2794 577 2842 ut
587 2804 652 2842 eum
668 2803 782 2862 quoqne
796 2782 919 2856 oculum,
930 2803 987 2860 quo

148 2865 222 2924 bene
239 2866 356 2937 videret,
369 2866 522 2937 amitteret,
537 2866 624 2943 idque
642 2865 677 2922 ab
695 2865 811 2921 homine
827 2870 912 2920 acuto
929 2883 986 2920 non

149 2965 210 3004 esse
224 2945 395 3022 neglectum.
437 2945 538 3022 ltaque
552 2965 587 3002 cx
602 2965 635 3003 eo
650 2964 727 3015 auro,
741 2943 818 3021 qnod
832 2943 986 3000 exterebra-

149 3033 212 3084 tum
227 3033 309 3097 esset‚
321 3025 453 3083 buculam
465 3045 576 3082 curasse
587 3025 747 3082 faciendam
760 3031 788 3081 et
799 3043 861 3080 earn
872 3024 901 3080 in
914 3043 987 3081 sum·

149 3125 197 3163 ma
218 3106 351 3164 columna
372 3104 560 3163 collocavisse.
604 3111 650 3162 49.
674 3105 739 3162 Hoc
756 3105 826 3162 item
842 3105 872 3161 in
889 3103 985 3174 Sileni,

149 3205 236 3265 quem
250 3186 364 3243 Caelius
378 3185 513 3262 sequitur,
523 3185 631 3243 Graeca
645 3184 763 3243 historia
773 3192 832 3243 est:
855 3185 879 3241 is
892 3191 986 3243 autem
