2220 3432
124 101 156 147 54
263 128 266 136 ι
350 99 399 147 DE
416 97 565 148 NATURA
582 97 742 147 DEORUM.

124 200 225 258 talium
247 199 424 258 domicilium
447 207 538 277 putes,
557 218 653 256 nonne
674 199 758 276 plane
779 199 908 277 desipere
929 201 969 258 vi

125 281 227 338 dearel
266 280 315 338 An
333 299 369 337 ne
386 281 441 337 hoc
459 280 574 357 quidem
593 279 794 357 intellegimus,
811 281 909 338 omnia
925 301 970 339 su·

124 380 193 437 pera
210 380 270 418 esse
286 360 412 432 meliora,
422 367 526 418 terram
544 367 640 416 autern
658 379 718 417 esse
732 359 969 438 infimam,qua1n

125 441 314 498 crassissimus
325 439 539 499 circumfundat
549 441 615 497 aeri
634 449 668 496 ut
679 439 716 496 ob
728 459 790 497 eam
802 441 892 517 ipsam
906 461 971 498 cau-

125 540 194 592 sam,
211 521 290 598 quod
307 521 394 579 etiam
412 519 582 598 quibusdam
601 519 766 596 regionibus
786 526 872 597 atque
893 521 971 579 urbi-

124 601 178 659 bus
196 601 361 682 eontingere
377 601 515 670 videmus,
527 599 675 657 hebetiora
692 607 725 657 ut
742 600 799 656 sint
816 600 969 658 hominum

125 681 242 758 ingenia
257 690 386 758 propter,
396 681 466 739 caeli
483 681 641 758 pleniorem
662 687 803 748 naturam,
818 680 874 738 hoc
889 681 968 738 idem

124 762 223 838 generi
245 760 372 819 humano
395 761 528 831 evenerit,
548 760 625 837 quod
644 759 675 816 iu
695 766 778 831 tona,
794 760 849 817 hoc
871 767 921 832 est,
937 762 968 818 in

125 841 298 898 crassissima
312 843 428 919 regione
442 840 544 898 mundi
559 840 691 898 collocati
705 840 770 898 sint.
812 847 857 898 18.
876 839 915 898 Et
928 847 970 898 ta-

125 939 190 978 men
203 942 237 980 ex
249 922 311 999 ipsa
321 921 473 978 hominum
487 921 613 978 sollertia
626 940 686 978 esse
700 920 825 997 aliquam
840 928 967 978 mentem

125 1008 154 1058 et
172 1021 233 1058 eam
252 1002 369 1078 quidem
386 1002 522 1058 acriorem
545 1009 574 1058 et
591 1001 717 1058 divinam
739 1001 900 1058 existimare
922 1000 969 1058 dc-

125 1080 233 1138 hemus.
278 1081 392 1140 “Unde
407 1082 484 1139 enim
499 1081 572 1138 hanc
587 1080 675 1138 homo
690 1079 859 1157 adripuitl”
881 1088 914 1138 ut
928 1081 969 1138 ait

125 1161 203 1238 apud
220 1161 446 1239 Xenophontem
463 1161 602 1218 Socrates.
645 1159 721 1228 Quin
743 1168 772 1218 et
788 1179 918 1218 umorem
940 1171 970 1218 et

125 1241 257 1312 calorem,
269 1243 318 1319 qui
332 1249 375 1300 est
389 1243 471 1299 fusus
486 1242 517 1298 in
535 1261 662 1318 corpore,
675 1247 703 1298 et
717 1248 859 1298 terrenam
875 1241 968 1318 ipsam

126 1322 265 1379 viscerum
280 1322 463 1391 soliditatem,
474 1322 602 1380 animum
617 1321 741 1398 denique
755 1321 835 1378 illum
852 1321 970 1398 spirabi-

126 1402 190 1472 lem,
207 1403 230 1459 si
252 1403 316 1480 quis
337 1410 463 1480 quaerat,
479 1402 555 1459 unde
571 1401 727 1459 babeamus
748 1409 874 1479 apparet,
890 1402 970 1478 quod

125 1483 203 1540 aliud
224 1502 241 1539 a
261 1491 337 1540 terra
358 1483 541 1560 sumpsimus
557 1481 635 1538 aliud
655 1481 821 1552 abumore,
837 1482 916 1539 aliud
932 1482 970 1539 ab

125 1563 194 1636 igni,
207 1563 285 1620 aliud
302 1562 338 1620 ab
355 1570 421 1620 aere
438 1581 480 1633 eo,
494 1582 578 1639 quem
596 1562 699 1639 spiritu
716 1562 855 1619 ducimus.
898 1561 967 1619 Vll.

125 1642 202 1700 lllud
218 1651 323 1714 autem,
339 1644 417 1720 quod
435 1643 524 1700 vincit
540 1643 610 1699 haec
627 1643 732 1713 omnia,
745 1643 884 1699 rationem
903 1642 969 1699 dico

125 1730 163 1793 et,
174 1725 197 1779 si
211 1723 305 1800 placet
319 1722 448 1800 pluribus
462 1722 563 1793 verbis,
577 1729 711 1793 mentem,
722 1722 882 1793 consilium,
893 1723 971 1799 eogi-

125 1804 274 1874 tationem,
290 1802 480 1880 prudentiam,
497 1802 546 1859 ubi
563 1803 743 1860 invenimus?
763 1802 840 1860 unde
857 1803 970 1860 sustuli-

124 1885 208 1940 musl
242 1884 290 1940 An
306 1887 401 1940 cetera
411 1883 537 1940 mundus
548 1881 666 1939 habebit
680 1883 786 1952 omnia,
797 1881 853 1940 hoc
868 1901 968 1953 unum,

126 1963 203 2040 quod
212 1963 330 2040 plurimi
341 1970 391 2032 est,
400 1982 459 2020 non
470 1961 605 2020 habebitl
638 1962 731 2039 Atqui
740 1969 815 2020 certe
825 1961 899 2019 nihil
910 1982 971 2020 om-

125 2044 205 2100 nium
220 2063 314 2101 rerum
329 2042 431 2100 melius
446 2051 489 2100 est
499 2043 617 2113 mundo,
624 2042 695 2099 nihil
708 2041 915 2119 praestabilius,
927 2043 971 2100 ni-

125 2123 165 2180 hil
177 2123 332 2201 pulchrius,
341 2142 394 2180 nec
409 2123 501 2180 solum
516 2123 588 2179 nihil
603 2129 654 2191 est,
665 2123 715 2180 sed
726 2143 762 2181 ne
776 2123 897 2200 cogitari
909 2123 971 2200 qui·

125 2204 190 2260 dem
213 2204 364 2281 quicquam
378 2203 480 2261 melius
494 2210 598 2280 potest.
640 2202 686 2273 Et,
698 2203 722 2259 si
733 2203 842 2260 ratione
856 2210 885 2261 ct
897 2204 971 2280 sapi·

126 2284 203 2341 entia
223 2283 296 2340 nihil
314 2292 357 2341 est
373 2283 484 2354 melius,
497 2302 610 2340 necesse
631 2290 674 2339 est
691 2282 761 2340 haec
777 2283 869 2340 inesse
885 2282 916 2339 in
934 2303 969 2341 eo

126 2363 204 2440 quod
213 2364 355 2440 optimum
366 2383 425 2421 esse
434 2363 626 2421 concedimus
661 2368 705 2420 19.
722 2362 799 2430 Quid
808 2364 892 2420 verol
908 2370 971 2420 tan-

124 2451 155 2500 ta
168 2463 263 2501 rerum
274 2445 463 2515 consentiens,
472 2444 645 2519 conspirans,
656 2444 822 2500 continuata
833 2444 969 2520 cognatio

126 2543 209 2600 quem
225 2543 284 2581 non
296 2531 381 2602 coget
392 2544 425 2582 ea
439 2543 511 2602 quae
523 2524 658 2580 dicuntur
672 2543 689 2580 a.
702 2543 749 2580 me
764 2523 970 2599 comprobaret

125 2603 264 2662 Possetne
279 2623 337 2661 uno
351 2611 482 2682 tempore
495 2603 603 2675 florere,
616 2603 720 2660 deinde
736 2603 859 2661 vicissim
874 2602 971 2660 hone·

125 2703 154 2740 re
171 2685 264 2742 terrai
285 2692 335 2741 aut
350 2690 396 2741 tot
413 2683 497 2742 rebus
516 2684 587 2761 ipsis
608 2703 637 2741 se
658 2682 879 2741 immutantibus
900 2682 971 2740 solis

125 2782 254 2821 accessus
270 2764 466 2842 discessusque
487 2764 617 2822 solstitiis
634 2764 800 2841 brumisque
822 2764 969 2840 cognosci,

126 2850 175 2900 aut
192 2851 286 2900 aestus
302 2845 439 2901 maritimi
456 2845 654 2920 fretorumque
671 2845 819 2920 angustiae
836 2851 900 2900 ortu
919 2853 970 2900 aut

82 2977 88 2987 ,
127 2922 208 2980 obitu
225 2923 308 2980 lunae
325 2924 499 2981 commoveri
516 2932 566 2980 aut
583 2942 639 2980 una
655 2924 746 2981 totius
767 2924 836 2981 caeli
854 2943 970 2980 conver·

127 3001 206 3058 sione
217 3021 314 3060 cursus
325 3011 465 3061 astrorum
481 3004 607 3081 dispares
621 3004 799 3061 conservarit
836 3004 916 3060 Haec
927 3004 970 3060 ita

126 3079 188 3136 fieri
203 3081 336 3139 omnibus
349 3084 424 3141 inter
441 3104 469 3142 se
486 3083 704 3141 concinentibus
720 3084 822 3141 mundi
838 3083 970 3160 partibus

127 3159 258 3234 profecto
270 3180 326 3216 non
339 3171 463 3236 possent,
471 3165 526 3221 nisi
537 3185 570 3220 ea
581 3184 639 3220 uno
650 3163 748 3220 divino
760 3171 789 3222 et
799 3164 970 3221 continuato
