2224 3446
138 133 183 180 182
394 131 443 182 DE
463 130 714 182 DIVINATIONE.

135 234 213 292 facta
226 232 362 291 deductio
377 241 428 291 est.
471 232 546 291 Cum
561 240 656 291 autem
668 233 807 291 Veientes
820 232 895 290 bello
909 234 980 294 fessi

134 314 244 391 legatos
267 313 304 370 ad
324 321 454 371 senatum
469 313 633 383 misissent,
650 320 714 370 tum
737 332 771 370 ex
794 313 838 369 his
861 313 981 390 quidam

134 394 239 451 dixisse
257 393 363 452 dicitur
378 413 438 451 non
455 393 553 451 omnia
573 392 656 450 illum
677 393 858 468 transfugam
877 412 980 451 ausum

135 493 195 532 esse
212 474 324 531 senatui
345 473 456 531 dicere:
478 473 508 529 in
529 472 632 530 iisdem
650 473 727 530 enirn
748 473 819 529 fatis
840 473 981 549 scriptum

135 553 272 612 Veientes
288 552 415 610 habere‘
419 552 496 610 fore
511 559 544 609 ut
560 552 640 609 brevi
657 551 777 609 aGallis
791 551 886 609 Roma
899 571 983 629 cape·

135 633 229 704 retur,’
233 633 330 710 ’quod
345 633 461 710 quidem
478 632 613 689 sexennio
628 625 694 708 post
704 632 794 690 Veios
806 639 905 708 captos
920 652 982 690 esse

135 713 245 770 fact-um
270 712 407 770 videmus.
450 711 542 770 XLV.
580 717 645 769 101.
672 711 764 788 Saepe
788 711 874 768 etiam
898 713 982 769 etin

135 792 251 869 proeliis
268 791 357 849 Fauni
379 792 471 849 auditi
492 799 521 848 et
542 791 573 848 in
593 791 678 848 rebus
698 791 822 848 turbidis
838 791 982 850 veridicae

135 891 219 929 voces
233 890 267 929 ex
282 871 395 929 occulto
409 873 512 928 missae
528 891 588 928 esse
603 870 745 928 dicuntur.
789 871 879 927 Cuius
895 890 983 948 gene·

135 953 174 1008 ris
188 952 247 1008 duo
262 958 329 1008 sunt
345 971 380 1008 ex
396 951 496 1008 multis
510 951 649 1027 exempla,
662 950 713 1008 sed
726 951 859 1007 maxima.
902 950 982 1008 Nam

135 1051 194 1088 non
214 1030 307 1088 multo
324 1039 390 1088 ante
411 1031 511 1088 urbem
533 1038 647 1108 captam
669 1030 803 1088 exaudita
823 1049 879 1087 vox
900 1037 945 1087 est
964 1051 983 1088 a

135 1111 200 1168 luco
216 1110 329 1179 Vestae,
343 1112 391 1188 qui
409 1111 543 1168 aPalatii
560 1111 655 1168 radice
672 1111 703 1167 in
720 1129 824 1167 novam
840 1110 916 1166 viam
931 1109 982 1167 de·

136 1209 223 1247 vexus
237 1198 289 1261 est,
305 1192 321 1218 ‘⁶
332 1200 364 1247 nt
379 1191 453 1248 muri
470 1198 499 1248 et
512 1197 612 1268 portae
627 1189 825 1248 reficerentur:
847 1189 981 1247 futurum

136 1291 205 1339 esse,
219 1271 273 1327 nisi
288 1271 433 1347 provisum
446 1278 527 1342 esset,
539 1277 573 1328 ut
583 1271 677 1328 Roma
688 1269 864 1346 caperetur.’'
892 1269 981 1338 Quod

136 1351 306 1427 neglectum,
322 1371 387 1408 cum
405 1351 497 1408 caveri
514 1357 635 1427 poterat,
651 1360 719 1426 post
735 1356 881 1425 acceptam
899 1349 981 1406 illam

136 1432 289 1488 maximam
304 1430 413 1488 cladem
428 1430 575 1506 expiatum
590 1437 642 1487 est.
684 1433 745 1486 Ara
758 1429 836 1486 enim
850 1428 909 1486 Aio
926 1428 982 1486 Lo-

137 1511 243 1587 quenti,
270 1531 354 1589 quam
388 1517 515 1587 saeptam
543 1508 682 1580 videmuS,
712 1509 881 1566 exadversus
913 1528 981 1566 eum

136 1591 230 1648 locum
245 1597 408 1648 consecrata
421 1597 472 1648 est.
508 1590 607 1667 Atque
621 1589 708 1646 etiam
723 1589 862 1665 scriptum
876 1599 894 1646 a
907 1589 982 1646 mul-

136 1671 173 1727 tis
187 1677 238 1741 est,
251 1689 315 1727 cum
330 1677 421 1727 terrae
435 1677 532 1728 motus
546 1670 640 1727 factus
654 1675 736 1739 esset,
753 1669 813 1726 “ut
827 1687 878 1726 sue
894 1669 982 1746 plena

136 1750 298 1826 procuratio
321 1749 428 1820 fieret,”
446 1769 546 1807 vocem
567 1749 603 1806 ab
625 1748 695 1806 aede
716 1749 837 1806 Iunonis
859 1767 893 1805 ex
916 1768 982 1806 arce

136 1829 293 1887 exstitisse:
316 1830 448 1906 quocirca
469 1829 615 1886 Iunonem·
632 1828 710 1886 illam
727 1828 899 1906 appellatam
918 1827 982 1886 Mo-

135 1915 240 1966 netam.
282 1909 363 1966 Haec
380 1909 469 1985 igitur
486 1916 516 1966 et
529 1929 548 1965 a
560 1909 605 1967 dis
623 1907 782 1984 significata
796 1915 825 1966 et
841 1928 858 1966 a
872 1909 980 1966 nostris

138 1987 293 2046 maioribus
307 1988 433 2046 iudicata
447 1989 678 2046 contemnimus?

178 2073 243 2124 102.
262 2067 362 2145 Neque
372 2068 463 2125 solum
474 2069 592 2125 deorum
603 2087 686 2125 voces
697 2067 872 2144 Pythagorei
885 2067 981 2124 obser·

135 2148 304 2218 vitavemnt,
320 2147 370 2205 sed
387 2149 472 2205 ctiam
491 2149 643 2206 bominum
661 2167 733 2224 quae
751 2155 853 2204 vocant
871 2148 979 2205 omina.

136 2228 215 2296 Quae
236 2229 358 2286 maiores
380 2229 472 2285 nostri
494 2229 560 2305 quia
577 2227 669 2285 valere
690 2227 852 2294 censebant,
872 2227 981 2284 idcirco

136 2308 270 2366 omnibus
292 2308 376 2366 rebus
400 2308 537 2385 agendis:
564 2307 677 2377 “Quod
702 2306 820 2378 bouum,
839 2307 979 2378 faustum,

135 2389 205 2446 felix
225 2389 465 2465 fortunatumque
486 2385 587 2458 esset,'’
605 2386 819 2463 praefabantur,
837 2387 980 2464 rebusque

136 2469 248 2540 divinis,
265 2488 337 2546 quae
357 2469 471 2546 publice
492 2468 601 2539 fierent,
617 2474 650 2525 ut
667 2466 824 2524 “faverent
845 2467 952 2544 linguis
962 2467 979 2494 '’

136 2547 336 2624 imperabatur,
355 2549 441 2626 inque
458 2548 539 2606 feriis
559 2547 735 2624 imperandis
752 2553 785 2604 ut
803 2546 929 2604 “litibus
950 2554 981 2604 et

135 2629 235 2704 iurgiis
252 2648 282 2686 se
298 2628 501 2686 abstinerent.'’
543 2627 676 2704 Itemque
692 2627 723 2683 in
741 2627 888 2684 lustranda
905 2626 981 2684 colo·

135 2708 183 2763 nia
199 2707 235 2763 ab
250 2727 292 2777 c0,
309 2709 358 2783 qui
376 2727 438 2764 eam
456 2707 618 2777 deduceret,
633 2714 742 2764 etcum
760 2707 918 2783 imperator
934 2726 981 2764 ex·

136 2786 264 2855 ercitum,
280 2805 380 2842 censor
393 2785 534 2863 populum
555 2752 696 2858 lustraret,
712 2787 796 2844 bonis
813 2787 981 2844 nominibus

137 2884 186 2939 qur
177 2863 308 2920 'hostias
322 2864 459 2922 ducerent
473 2866 658 2958 eligebantur.
696 2866 783 2935 Quod
799 2866 900 2924 idem
892 2886 923 2924 m
938 2867 981 2924 di·

135 2941 211 2998 lectu
232 2943 362 3000 consules
383 2944 542 3014 observant,
553 2953 586 3002 ut
603 2947 714 3023 primus
735 2947 818 3004 miles
834 2945 885 3004 fiat
901 2947 981 3004 bono

135 3021 260 3104 nomine.
306 3027 370 3080 103.
390 3023 469 3092 Quae
487 3025 603 3101 quidem
622 3032 684 3082 ate
702 3026 756 3082 scis
774 3034 803 3084 et
817 3027 934 3084 consule
952 3034 982 3084 et

148 3107 258 3175 mperat
260 3119 307 3158 ore
323 3121 434 3160 summa
448 3104 586 3180 religione
601 3123 660 3161 esse
673 3113 790 3163 servata.
825 3105 982 3183 Praeroga-

163 3197 224 3236 vam
239 3180 326 3237 etiam
341 3183 462 3240 maiores
474 3202 558 3241 omen
569 3184 710 3240 iustorum
723 3184 907 3242 comitiorum
920 3205 982 3244 esse
