2220 3432
130 92 161 138 76
243 101 245 108 ’
356 88 406 135 Dr:
423 87 572 138 NATURA
588 87 749 138 DEORUM.

129 189 265 248 haerendi
276 195 384 258 natura,
395 188 445 246 sed
459 196 492 245 ut
506 187 644 260 arborem,
655 195 688 246 ut
697 187 812 257 animal,
822 187 853 244 in
868 187 972 264 quibus

131 271 207 330 nulla
217 269 370 340 temeritas,
381 268 432 326 sed
445 269 516 325 ordo
531 274 649 345 apparet
659 275 688 325 et
699 269 768 324 artis
783 267 922 345 quaedam
937 269 973 326 si·

130 349 273 408 militudo

169 428 315 487 XXXIII.
355 434 400 487 83.
419 426 505 496 Quod
522 427 545 484 si
563 446 604 497 ea,
620 445 693 504 quae
709 446 727 484 a
743 433 818 484 terra
835 427 972 503 stirpibus

129 510 321 577 continentur]
337 515 397 564 arte
418 515 535 564 naturae
552 507 653 565 vivunt
671 513 700 564 et
718 507 824 583 vigent,
839 507 972 584 proiecto

130 591 192 667 ipsa
207 597 283 647 terra
299 588 398 646 eadem
416 588 445 644 vi
462 586 624 644 cont-inetur
640 594 701 644 arte
721 593 848 658 naturae,
864 587 973 665 quippe

130 689 203 746 quae
217 669 365 746 gravidata
382 666 538 724 seminibus
555 667 653 723 omnia
668 666 761 742 pariat
775 673 804 723 et
818 666 923 724 fundat
937 687 974 724 ex

129 770 198 820 sese,
211 750 313 825 stirpes
327 746 458 823 amplexa
472 746 529 803 alat
539 754 568 803 et
578 754 681 822 augeat
695 746 814 823 ipsaque
828 746 920 803 alatur
932 747 974 804 vi-

129 830 225 886 cissim
237 848 254 885 a
265 827 373 904 superis
382 826 561 902 externisque
572 827 686 884 naturis.
721 825 916 903 Eiusdemque
927 845 974 883 ex-

129 907 334 986 spirationibus
355 914 384 964 et
400 913 450 964 aer
470 905 556 963 alitur
571 912 601 963 et
617 906 715 963 aether
731 912 760 963 et
778 905 875 962 omnia
891 925 974 982 supe-

130 1009 170 1046 ra.
209 987 261 1058 Ita,
272 988 296 1045 si
310 994 385 1045 terra
399 992 501 1043 natura
514 992 628 1043 tenetur
642 992 671 1042 et
684 985 771 1062 viget,
784 985 883 1044 eadem
897 987 973 1043 ratio

130 1069 161 1125 in
175 1068 284 1144 reliquo
298 1067 407 1124 mundo
422 1073 481 1124 est:
498 1066 602 1142 stirpes
616 1066 693 1124 enim
704 1073 795 1123 terrae
805 1065 972 1123 inhaerent:

130 1149 289 1206 animantes
306 1154 403 1204 autem
419 1145 592 1222 aspiratione
609 1146 683 1204 aeris
700 1146 884 1216 sustinentur,
900 1146 976 1221 ipse-

130 1248 186 1305 que
207 1234 257 1284 aer
276 1227 427 1284 nobiseum
443 1226 530 1296 videt,
546 1226 696 1283 nobiscnm
717 1226 806 1296 audit,
821 1225 975 1282 nobiseum

129 1315 229 1365 sonat:
252 1307 324 1363 nihil
340 1307 416 1364 enim
431 1325 530 1362 eorum
548 1306 608 1362 sine
625 1325 659 1364 eo
674 1304 735 1362 fieri
748 1312 852 1382 potest.
896 1305 975 1373 Quin

130 1389 219 1446 etiam
240 1394 373 1445 movetur
394 1385 564 1464 nobiseum:
587 1405 767 1462 quacumque
789 1385 866 1442 enim
887 1385 973 1457 imus,

130 1487 309 1546 quacumque
331 1465 618 1535 movemur‚'videtur
638 1465 720 1542 quasi
738 1465 833 1522 locum
855 1465 923 1523 dare
944 1475 975 1523 et

129 1549 237 1606 cedere.
281 1552 327 1604 84.
346 1545 482 1622 Quaeque
496 1545 526 1601 in
542 1545 671 1602 medium
688 1545 783 1602 Iocum
800 1545 910 1617 mundi,
924 1546 976 1623 qui

130 1637 174 1686 est
185 1628 308 1698 infimus,
318 1633 348 1684 et
359 1645 430 1703 quae
442 1625 565 1682 amedio
576 1625 607 1682 in
618 1645 752 1702 superum
765 1644 893 1702 quaeque
907 1645 976 1683 oon-

130 1708 259 1764 versione
275 1706 400 1764 rotunda
416 1705 523 1762 circum
539 1705 668 1762 medium
681 1705 821 1777 feruntur,
834 1725 867 1762 ea
884 1707 976 1763 conti-

131 1794 247 1844 nentem
261 1785 363 1843 mundi
377 1783 504 1842 efficiunt
517 1804 661 1862 unamque
677 1791 816 1842 naturum.
854 1785 893 1842 Et
907 1805 975 1842 eum

131 1872 267 1944 quattuor
283 1885 388 1942 genera
404 1865 462 1922 sint
478 1884 640 1942 corporum,
655 1865 852 1923 vicissitudine
873 1884 972 1922 eorum

130 1945 233 2002 mundi
248 1946 417 2002 continuata
436 1951 538 2002 natura
559 1952 609 2002 est
652 1945 728 2002 Nam
745 1952 872 2002 exterra
890 1964 973 2022 aqua,

130 2047 166 2084 ex
181 2044 255 2103 aqua
271 2025 362 2082 oritur
377 2031 435 2096 abr,
448 2045 482 2082 ex
499 2031 565 2081 abre
579 2023 684 2096 aether,
697 2024 802 2083 deinde
818 2031 975 2083 retrorsum

131 2106 257 2164 vicissim
271 2125 305 2162 ex
320 2105 433 2162 aethere
447 2111 504 2176 aar,
514 2105 581 2161 inde
596 2124 677 2182 aqua,
688 2124 723 2163 ex
737 2124 811 2182 aqua
824 2111 899 2162 terra
912 2105 976 2162 infi-

131 2206 186 2244 ma
224 2185 271 2242 Sic
288 2186 396 2242 naturis
410 2185 463 2256 his,
476 2205 511 2242 ex
527 2184 631 2262 quibus
648 2185 746 2243 omnia
762 2191 903 2256 constant,
916 2205 976 2243 sur-

130 2287 180 2324 sus
191 2266 316 2336 deorsus,
325 2265 400 2322 uItro
411 2266 485 2322 citro
496 2265 724 2322 commeantibus
734 2265 837 2322 muudi
847 2267 975 2342 partium

130 2346 297 2404 coniunctio
312 2346 482 2403 continetur.
527 2351 572 2402 85.
591 2344 671 2413 Quae
686 2353 735 2402 aut
749 2345 923 2422 sempiterna
937 2347 976 2403 sit

131 2445 246 2484 necesse
257 2433 300 2483 est
310 2425 365 2482 hoc
376 2425 478 2482 eodem
494 2432 604 2494 ornatu,
614 2444 699 2502 quem
710 2425 848 2496 videmus,
857 2433 907 2483 aut
918 2445 977 2483 cer-

131 2516 161 2564 te
175 2506 363 2584 perdiutuma
376 2524 545 2582 permanens
560 2505 596 2561 ad
606 2505 798 2582 longinquum
812 2512 841 2563 et
855 2506 977 2562 immen-

131 2607 195 2644 sum
210 2605 300 2663 paene
314 2594 436 2661 tempus
479 2584 609 2653 Quorum
623 2586 764 2643 utrumvis
778 2592 811 2642 ut
824 2585 870 2655 sit,
882 2585 977 2662 sequi-

131 2676 180 2723 tur
195 2673 297 2724 natura
312 2665 454 2722 mundum
472 2665 672 2722 administrari.
716 2664 795 2732 Quae
812 2665 889 2722 enim
907 2665 977 2722 elas

131 2747 207 2803 sium
221 2746 367 2822 navigatio
381 2753 431 2803 aut
445 2765 517 2823 quae
528 2745 679 2803 instructio
695 2745 836 2802 exercitus
853 2751 903 2802 aut
916 2765 977 2802 rur·

132 2845 189 2896 sus,
201 2832 234 2883 ut
251 2844 377 2900 eaquae
393 2833 496 2883 natura
512 2824 607 2896 efficit,
620 2825 809 2896 conferamus,
822 2844 894 2902 quae
911 2844 977 2902 pro

132 2905 239 2961 creatio
253 2905 320 2961 vitis
337 2912 387 2961 aut
401 2905 516 2977 arboris,
528 2925 601 2982 quae
615 2924 701 2981 porro
716 2905 870 2962 animantis
883 2903 977 2982 figura

134 2984 383 3061 conformatioque
399 2985 593 3042 membrorum
610 2992 719 3042 tantam
741 2993 859 3043 naturae
880 2985 977 3042 soller-

134 3063 206 3119 tiam
226 3062 370 3138 significat
390 3073 525 3140 quantam
546 3067 607 3142 ipse
628 3065 771 3125 mundus?
808 3067 870 3122 Aut
887 3066 977 3142 igitur

135 3142 206 3198 nihil
221 3151 266 3199 est
280 3143 358 3216 quod
372 3146 511 3202 sentiente
526 3155 626 3204 natura
642 3153 756 3222 regatur
770 3153 820 3212 aut
833 3146 977 3203 mundum
