2224 3446
146 129 194 175 222
409 126 459 175 DE
476 125 725 177 DIVINATIONE.

145 228 182 296 le,
195 226 345 284 simulacra
361 234 429 285 sunt
442 227 643 304 auspiciorum,
655 227 783 304 auspicia
795 227 874 285 nullo
888 229 986 287 modo.

145 306 289 365 XXXIV.
303 306 320 336 “
329 306 363 375 Q.
373 307 454 377 Fra,
463 327 498 364 rs
512 327 581 364 nrur
592 326 625 363 ru
636 325 777 364 uusrrcrc
790 325 861 364 ussa
871 309 986 365 voco:”

145 387 300 464 respondet
315 387 332 414 “
341 387 485 444 Aunrvr.''
519 387 577 443 Hic
591 387 669 462 apud
682 387 805 444 maiores
815 394 929 444 nostros
940 389 989 445 ad-

144 466 297 524 hibebatur
320 467 437 544 peritus,
456 486 532 523 nunc
561 466 689 543 quilibet.
731 466 861 523 Peritum
889 475 986 524 autern

144 566 205 604 esse
226 566 339 604 necesse
356 554 400 604 est
416 565 490 617 eum,
507 547 557 624 qui
574 545 719 603 silentium
737 546 807 623 quid
825 547 862 603 sit
878 546 989 604 intelle

144 634 210 703 gat:
233 628 264 684 id
286 628 362 684 enim
385 627 530 684 silentium
552 626 675 683 dicimus
695 627 726 682 iu
747 626 889 703 auspiciis,
908 627 988 703 quod

144 708 225 764 omni
245 707 316 764 vitio
337 711 422 764 caret.
465 705 511 763 72.
537 706 604 762 Ηοθ
621 705 785 782 intellegere
801 706 923 782 perfecti
940 726 989 764 au·

143 787 222 862 guris
243 794 293 844 θεῖ.
336 786 384 843 Illi
404 793 509 856 autern,
526 786 575 863 qui
592 786 623 842 in
644 787 803 862 auspicium
825 785 985 857 adhibetur,

143 885 209 922 curn
223 866 265 923 ita
277 866 429 942 imperavit
440 867 472 936 ie,
483 866 534 942 qui
548 866 726 942 auspicatur:
751 866 767 894 “
775 865 894 935 Brome,
906 885 933 924 st
949 885 988 923 sr-

144 965 277 1002 nnurrun
295 965 367 1002 assu
385 946 576 1014 vrnnurrun,''
592 964 645 1003 nec
662 946 782 1021 suspicit
798 965 851 1002 nec
868 946 988 1003 circum-

144 1025 245 1101 spicit:
268 1027 365 1083 statim
379 1026 534 1102 respondet
549 1026 566 1053 “
577 1025 744 1082 Srnnurruu
762 1044 834 1084 ussn
850 1026 985 1084 vrnua1.”

143 1105 217 1161 Tum
239 1104 303 1163 ille:
328 1105 473 1177 “Drcrrc,
486 1125 513 1163 ει
535 1105 757 1164 r>uscurrrun’'¹
775 1149 781 1162 .
797 1150 804 1163 .
822 1105 987 1163 “Pascun-

143 1185 377 1254 ruu”...Quae
405 1188 489 1243 aresi
518 1194 568 1243 aut
590 1186 658 1243 ubit
699 1186 817 1256 Attulit,
835 1185 939 1261 inquit,
955 1186 986 1242 in

143 1284 228 1322 cavea
245 1265 339 1342 pullos
357 1267 390 1337 is,
403 1267 452 1343 qui
469 1284 506 1323 ex
523 1285 557 1323 eo
574 1267 638 1342 ipso
655 1267 821 1322 nominatur
839 1264 984 1341 pullarius

143 1345 207 1402 Hae
221 1353 288 1402 sunt
302 1346 391 1422 igitur
404 1365 470 1403 aves
480 1346 672 1404 internuntiae
688 1345 773 1417 Iovis,
787 1365 858 1422 quae
870 1363 986 1422 pascan-

142 1433 190 1481 tur
203 1444 292 1482 necnc
308 1426 377 1502 quid
391 1426 497 1483 referti
538 1425 618 1483 Nihil
633 1425 670 1483 ad
681 1426 824 1502 auspicia:
846 1425 898 1482 sed
909 1426 983 1502 quia,

143 1523 209 1561 eum
225 1512 388 1581 pascuntur,
404 1524 518 1562 necesse
535 1513 578 1563 est
594 1505 704 1583 aliquid
721 1525 755 1563 ex
773 1525 822 1563 ore
839 1505 939 1563 cadere
956 1513 986 1563 θῖ

142 1591 247 1642 terram
267 1585 372 1661 pavire,
387 1586 571 1662 terripavium
591 1586 695 1662 primo,
710 1592 778 1661 post
794 1585 985 1662 terripudium

143 1663 252 1721 dictum
280 1672 339 1722 est:
371 1665 426 1722 hoe
451 1665 568 1742 quidem
595 1667 654 1722 iam
680 1665 842 1742 tripudium
870 1665 983 1724 dicitur.

143 1743 217 1800 Cum
234 1745 323 1822 igitur
338 1746 398 1802 offa
414 1746 517 1802 cecidit
534 1765 568 1802 ex
585 1764 634 1802 ore
650 1745 731 1822 pulli,
744 1753 807 1802 tum
824 1745 985 1822 auspicanti

143 1824 301 1900 tripudium
313 1825 484 1882 solistimum
494 1826 650 1883 nuntiatur.
684 1825 813 1884 XXXV.
844 1825 889 1883 73.
905 1825 984 1902 Ergo

141 1902 197 1960 hoc
214 1904 370 1980 auspicium
389 1905 480 1962 divini
497 1905 650 1982 quiequam
667 1904 771 1962 habere
789 1912 886 1982 potest
906 1905 985 1981 quod

142 1990 201 2040 tarn
219 1984 256 2040 sit
273 1991 401 2041 coactum
418 1991 447 2041 et
464 1986 646 2060 expressuml
687 1984 751 2053 Quo
768 1985 985 2062 antiquissimos

142 2081 262 2138 augures
273 2082 331 2120 non
346 2083 406 2120 esse
419 2083 487 2120 usos
501 2070 670 2140 argumento
685 2072 736 2136 est,
747 2065 825 2141 quod
836 2065 984 2122 decretum

142 2142 255 2219 collegii
272 2150 352 2200 vetus
369 2143 508 2201 habemus
529 2163 644 2201 ornnem
665 2164 745 2202 avem
766 2145 925 2222 tripudium
942 2146 985 2202 fa·

142 2241 204 2279 cere
217 2241 308 2298 posse.
347 2223 421 2280 Tum
436 2224 524 2300 igitur
538 2230 611 2281 θεεθῖ
622 2225 789 2301 auspicium,
803 2225 826 2281 si
840 2225 928 2282 modo
943 2244 985 2282 es-

142 2309 186 2359 set
202 2303 227 2359 ei
243 2302 362 2360 liberum
377 2323 407 2360 se
424 2305 590 2373 ostendisse,
602 2311 664 2361 tum
680 2305 739 2362 avis
753 2304 802 2362 illa
815 2305 905 2362 videri
919 2324 985 2381 pos-

142 2390 185 2439 set
198 2383 337 2460 interpres
354 2391 383 2440 et
397 2383 508 2441 satelles
523 2384 607 2440 Iovia.
650 2384 735 2441 Nunc
749 2403 815 2441 vero
830 2385 938 2441 inclusa
952 2385 983 2441 in

142 2481 227 2520 eavea
243 2470 273 2520 et
289 2464 366 2521 fame
383 2471 482 2521 euecta
499 2464 567 2521 siin
585 2464 673 2520 offam
687 2464 776 2540 pultis
790 2464 901 2522 invadit
915 2471 944 2521 et
959 2465 984 2520 si

141 2541 250 2618 aliquid
261 2562 295 2599 ex
307 2562 354 2600 ore
366 2544 476 2614 cecidit,
488 2543 542 2600 hoc
554 2551 585 2600 tu
597 2544 755 2619 auspicium
767 2551 817 2601 aut
828 2543 882 2600 boc
893 2544 983 2601 modo

141 2621 297 2679 Romulum
309 2624 448 2701 auspicari
462 2623 577 2680 solitum
589 2626 693 2700 putasl
735 2623 780 2681 74.
799 2623 861 2680 Iam
873 2624 908 2680 de
923 2643 984 2680 cae·

141 2701 170 2757 lo
187 2720 295 2759 servare
317 2721 374 2759 non
392 2703 470 2779 ipsos
491 2722 587 2760 censes
609 2703 717 2774 solitos,
733 2704 783 2780 qni
800 2701 985 2780 auspicaban-

140 2783 205 2837 turl
246 2780 330 2838 Nunc
344 2782 487 2858 imperant
500 2783 638 2858 pullario:
660 2782 707 2840 ille
724 2783 876 2840 renuntiat.
919 2782 984 2839 Ful-

141 2879 206 2916 men
224 2861 370 2917 sinistrum
388 2862 545 2937 auspicium
561 2863 705 2937 optimum
719 2861 857 2919 habemus
871 2861 909 2919 ad
923 2881 984 2918 om-

140 2957 191 2995 nes
204 2959 248 2996 res
263 2948 460 3016 praeterquam
475 2940 511 2996 ad
526 2942 658 2999 comitia:
682 2942 759 3018 quod
775 2942 890 3018 quidem
903 2942 983 2998 insti-

140 3024 235 3074 tutum
256 3018 445 3095 reipublicae
465 3039 549 3076 causa
569 3028 619 3090 est,
635 3027 668 3078 ut
685 3021 867 3079 comitiorum
889 3020 933 3077 vel
952 3021 982 3078 iu

139 3096 253 3154 iudiciis
267 3098 368 3174 populi
384 3098 427 3156 vel
443 3099 472 3156 in
488 3099 547 3156 iure
561 3099 658 3175 legum
676 3101 718 3156 vel
733 3101 763 3157 iu
778 3099 907 3157 creandis
923 3119 982 3158 rna-

154 3175 306 3234 ’istratibus
320 3178 462 3254 principes
476 3179 600 3237 civitatis
614 3186 707 3236 essent
721 3179 897 3254 interpretes.
939 3179 983 3238 At
