2224 3446
262 123 330 172 LIB.
345 123 390 182 Il.,
402 121 479 171 CAP.
494 121 723 184 XLVlll.-Ll.,§
739 126 857 174 ruo-106.
935 129 983 174 233

140 221 249 280 nati0.”
286 228 352 278 103.
365 221 391 279 Ο
405 228 504 279 acutos
515 221 663 279 homines!
685 241 769 299 quem
782 225 880 299 paucis
892 225 984 282 verbis

139 301 290 378 negotium
308 301 473 359 confectum
485 303 605 377 putant!
639 302 682 358 Ea
696 311 813 360 sumunt
824 304 860 360 ad
872 305 984 362 conclu-

140 381 277 452 dendum,
289 400 411 458 quorum
423 381 458 437 iis
472 380 544 438 nihil
556 381 728 439 conceditur.
768 382 921 441 Conclusio
937 405 985 442 au-

140 469 200 520 tem
212 461 330 518 rationis
341 480 374 518 11
385 460 533 537 probanda
543 469 594 530 est,
602 461 632 517 in
647 481 703 538 qua
716 481 750 519 ex
764 462 849 520 rebus
863 482 921 521 non
933 465 984 522 du-

140 541 196 605 biis
211 540 249 611 id,
263 541 341 617 quod
356 540 512 611 dubitatur,
524 540 653 599 efficitur.
691 541 722 598 L.
738 541 865 600 Videsne
879 543 984 620 Epicu·

139 640 214 691 rum,
230 639 314 697 quern
334 620 468 678 hebetem
490 627 520 677 11
537 621 638 679 rudem
660 621 753 678 dicere
773 621 866 680 solent
882 623 982 695 Stoici,

141 719 227 778 quern
238 700 275 758 ed
287 699 500 777 modum,quod
510 701 540 758 in
551 708 653 759 natura
663 721 757 759 rerum
772 721 856 760 omne
871 721 931 760 esse
942 703 984 760 di-

140 781 240 851 cimus,
249 780 279 837 id
291 779 437 837 infinitum
451 799 511 838 esse
525 780 709 839 concluserit?
746 782 763 808 ‘⁴
773 780 858 850 Quod
868 782 983 841 finitum

140 859 211 918 est''
229 860 324 937 inquit
342 859 456 918 “habet
472 861 659 918 extremum.”
702 859 773 929 Quis
790 862 844 920 hoc
861 882 920 920 non
937 863 984 921 de·

141 940 234 998 deritl
276 939 389 1008 “Quod
406 947 501 998 autem
519 939 608 998 habet
627 947 796 1013 extremum,
806 942 838 1000 id
859 943 984 1001 cernitur

141 1039 176 1078 111
190 1019 247 1077 alio
261 1019 463 1078 extrinsecus.”
498 1020 564 1077 Hoc
579 1039 693 1097 quoque
704 1029 748 1078 est
758 1022 982 1081 concedendum.

142 1101 215 1170 ‘fut
224 1101 302 1178 quod
313 1119 398 1158 omne
413 1107 464 1171 est,
473 1100 503 1156 id
517 1119 577 1157 non
591 1101 716 1158 cemitnr
730 1119 764 1158 ex
779 1101 835 1158 alio
850 1103 985 1160 extrinse-

141 1179 218 1238 cus.”
257 1180 302 1238 Ne
316 1180 372 1237 hoc
387 1180 503 1257 quidem
518 1180 616 1256 negari
630 1187 733 1256 potest.
773 1180 880 1238 “Nihil
895 1183 984 1259 igitur

141 1280 207 1318 cum
231 1260 336 1317 habeat
358 1267 525 1330 extremum,
544 1259 689 1317 infinitum
715 1260 752 1318 sit
774 1279 887 1318 necesse
912 1261 982 1320 est.”

143 1345 208 1397 104.
223 1339 349 1398 Videsne
363 1347 397 1396 ut
410 1339 447 1396 ad
461 1359 520 1396 rem
536 1339 652 1396 dubiam
669 1340 810 1397 concessis
823 1341 908 1398 rebus
921 1360 984 1418 pcr-

141 1420 269 1477 veneritl
310 1419 376 1476 Hoc
393 1439 444 1475 vos
466 1419 607 1476 dialectici
623 1437 682 1476 non
700 1419 803 1491 fecitis,
816 1439 869 1478 nec
890 1421 982 1478 solum

140 1519 175 1556 11
190 1518 249 1556 111
267 1499 380 1556 sumitis
397 1499 434 1556 ad
450 1499 689 1571 concludendum,
702 1519 773 1576 quae
792 1500 828 1557 ab
849 1500 984 1558 omnibus

141 1579 343 1648 concedantur,
357 1578 407 1636 scd
424 1598 457 1636 11
478 1579 599 1650 sumitis
613 1579 717 1656 quibus
733 1580 874 1637 concessis
890 1579 983 1637 nihilo

140 1659 233 1734 magis
247 1657 386 1716 efficiatur
400 1657 590 1736 quodvelitis.
632 1659 764 1718 Primum
778 1660 854 1718 enim
869 1660 924 1717 hoc
939 1680 984 1717 su·
1073 1694 1076 1702 «

140 1739 237 1796 mitis:
260 1739 277 1768 “
288 1739 318 1796 Si
331 1746 398 1795 sunt
411 1739 450 1809 di,
461 1737 580 1796 benefici
591 1739 621 1794 in
636 1739 768 1797 homines
782 1739 875 1798 sunt.’'
912 1739 983 1808 Quis

140 1818 196 1876 hoc
215 1818 297 1876 robis
319 1818 418 1875 11111111
459 1818 646 1895 Epicurusne,
658 1819 708 1895 qui
727 1826 813 1896 neget
830 1820 981 1897 quicquam

141 1899 210 1956 deos
231 1918 283 1956 nec
304 1898 390 1956 alieni
408 1917 504 1956 curare
525 1917 578 1955 nec
599 1898 661 1955 suil
683 1918 718 1955 an
741 1907 838 1957 nostor
855 1899 983 1957 Enniusl

141 1979 191 2055 qui
205 1997 312 2054 magno
326 1979 428 2055 plausu
442 1977 570 2055 loquitur
584 1978 762 2037 adsentiente
776 1980 902 2057 populo:

185 2110 241 2169 Ego
253 2107 326 2157 deum
339 2123 416 2169 genus
428 2122 481 2156 esse
493 2123 590 2171 semper
601 2109 655 2156 dixi
666 2117 691 2157 11
702 2109 784 2159 dicam
796 2112 919 2171 caelitum,

185 2175 235 2224 Sed
246 2189 289 2223 eos
300 2189 351 2222 non
363 2188 450 2222 curare
461 2174 549 2235 opinor
559 2174 619 2236 quid
630 2184 689 2234 ngat
701 2175 836 2224 humanum
849 2192 934 2237 genus.

140 2294 179 2352 Et
195 2294 313 2372 quidem
330 2314 380 2352 cur
397 2294 437 2351 sic
456 2294 590 2370 opinetur
610 2295 751 2352 rationem
772 2296 884 2355 subicit.
926 2297 984 2356 Sed

140 2375 213 2432 nihil
230 2382 273 2433 est
289 2393 403 2432 necesse
424 2373 518 2432 dicere
540 2393 611 2450 quae
632 2382 797 2451 sequuntur,
809 2383 921 2434 tanturn
940 2385 984 2435 111

140 2462 184 2514 111
198 2454 327 2532 intellegi
342 2455 372 2512 id
389 2473 499 2511 sumere
516 2453 587 2511 istos
601 2473 654 2530 pro
671 2461 757 2525 certo,
770 2457 849 2532 quod
863 2457 983 2514 dubium

140 2542 412 2611 controversumque
420 2534 465 2591 sit.
494 2533 541 2590 LI.
572 2539 638 2590 105.
649 2532 891 2611 Sequitnrporro:
908 2537 984 2593 “Ni-

139 2614 181 2671 hil
193 2614 262 2672 deos
277 2615 416 2691 ignorare,
428 2613 506 2691 quod
521 2614 619 2670 omnia
632 2613 691 2670 sint
701 2611 737 2670 ab
749 2614 784 2670 iis
798 2616 982 2674 constituta.”

140 2694 199 2751 Hic
213 2713 280 2752 vero
295 2701 402 2771 quanta
416 2712 514 2770 pugna
528 2701 571 2750 est
585 2693 817 2751 doctissimorum
831 2694 983 2752 hominum

141 2774 309 2851 negantium
326 2793 386 2832 esse
400 2773 470 2831 haec
487 2793 504 2830 1
520 2773 565 2830 dis
581 2773 792 2832 immortalibus
809 2775 983 2833 constituta!

140 2853 183 2911 At
208 2853 334 2911 “nostra
357 2854 476 2911 interest
497 2853 567 2911 scire
592 2873 720 2931 111111
742 2861 878 2912 eventura
898 2854 983 2913 sint.’'

141 2932 264 3010 Magnus
281 2932 450 2991 Dicaearchi
466 2933 538 2990 liber
559 2940 602 2991 est
618 2935 726 2992 nescire
747 2954 780 2992 ea
800 2935 903 2992 melius
923 2954 984 2992 esse

142 3032 228 3090 quam
240 3013 319 3071 scire.
355 3012 471 3090 Negant
483 3012 539 3070 “id
549 3032 609 3071 esse
623 3013 747 3071 alienum
758 3015 907 3073 maiestate
918 3015 985 3072 deo·

141 3092 233 3150 rum.”
269 3093 384 3151 Scilicet
395 3112 472 3150 casas
484 3093 613 3150 omnium
624 3093 818 3171 introspicere,
825 3102 859 3152 ut
869 3094 985 3152 videant

143 3173 213 3248 quid
223 3173 326 3249 cuique
337 3171 486 3230 conducet.
524 3177 589 3230 106.
603 3172 729 3250 “Neque
740 3194 797 3232 non
810 3182 930 3252 possunt
941 3175 984 3232 iu·
