2220 3432
118 125 150 173 42
342 119 391 174 DE
408 123 558 173 NATURA
574 124 734 175 DEORUM.

119 224 169 282 sed
185 224 345 281 rationibus
362 224 480 282 deorum
498 224 705 282 immortalium
724 225 833 302 templa
853 234 882 284 et
898 246 961 284 aras

118 305 257 362 everterit.
301 304 379 374 Quid
393 312 436 362 est
447 305 523 362 euim
539 323 589 361 cur
602 304 671 362 deos
686 305 722 362 ab
733 305 900 364 hominibus
914 327 961 364 co·

117 384 218 442 leudos
232 384 318 455 dicas,
331 403 396 441 cum
414 384 444 441 di
458 403 517 441 non
533 385 622 441 modo
633 385 766 442 homines
780 406 838 443 non
854 387 959 458 colant,

118 465 168 522 sed
185 465 304 521 omnino
321 463 393 521 nihil
411 472 519 534 curent,
531 464 604 520 nihil
621 467 727 541 agant?
770 472 834 524 116.
860 466 899 524 At
917 474 962 524 cst

117 564 215 602 eorum
228 545 332 602 eximia
343 544 482 620 quaedam
493 551 696 622 praestansque
707 552 816 616 natura,
827 553 859 603 ιιι
870 565 903 604 ea
914 547 961 605 de·

117 623 205 682 beat'
170 631 260 701 t1psa
276 643 327 700 per
343 643 373 681 se
390 624 427 681 ad
444 644 473 681 se
490 624 639 682 colendam
656 625 777 683 adlicere
792 627 959 702 sapientem.

116 705 165 761 Αιι
181 704 338 781 quidquam
349 704 486 761 eximium
496 711 595 781 potest
605 724 665 762 esse
676 705 705 762 in
721 723 754 762 ea
767 714 876 778 natura,
888 726 961 783 quae

117 803 168 841 sua
184 782 332 860 volupiae
303 783 461 841 tlaetans
481 784 555 840 nihil
571 803 623 842 nec
645 792 743 843 actura
763 787 801 843 sit
822 805 959 863 umquam

117 882 209 940 neque
226 871 293 939 agat
309 883 401 940 neque
418 865 527 940 egerit?
568 863 647 933 Quae
664 884 750 941 porro
764 867 857 942 pietas
872 886 898 923 οι
890 867 961 923 de·

116 942 209 1013 betur,
222 962 239 999 a
253 962 312 1034 quo
324 943 396 1000 nihil
410 944 568 1021 acceperis?
588 951 639 1002 aut
653 945 723 1022 quid
738 947 866 1016 omnino,
878 947 960 1003 cuius

117 1022 228 1079 nullum
242 1023 328 1080 merit
329 1042 378 1080 um
392 1024 438 1094 sit,
449 1043 475 1081 οι
467 1023 646 1082 deberit
594 1044 633 1101 po
634 1025 709 1082 tlest
750 1025 803 1082 Est
813 1025 889 1083 enim
902 1026 961 1103 pie-

117 1103 185 1160 tas'
177 1109 244 1160 rusti
236 1103 288 1159 itia
247 1068 452 1160 tadversuin
470 1103 548 1175 deos,
564 1123 629 1161 cum
652 1089 755 1182 quibus
776 1105 847 1182 quid
862 1114 960 1182 potest

117 1181 202 1240 nobis
216 1201 276 1240 esse
289 1182 367 1253 iuris,
380 1202 445 1240 cum
459 1183 572 1241 homini
586 1184 665 1241 nulla
676 1204 740 1241 οιιιιι
759 1185 868 1243 deo't
831 1193 868 1243 stt
883 1205 960 1242 com-

116 1263 261 1320 munitasl
302 1262 388 1321 Sanct
376 1263 444 1321 titas
465 1270 561 1320 autem
578 1271 651 1322 ests
638 1264 728 1322 scient
730 1266 757 1321 ia
716 1264 959 1323 tcolendorum

117 1342 245 1413 deorum,
258 1344 307 1420 qui
323 1363 409 1420 quam
423 1341 460 1400 ob
475 1362 535 1400 rem
550 1344 662 1402 colendi
677 1345 734 1402 sint
749 1364 807 1402 non
822 1345 959 1422 intellego

116 1422 196 1480 nullo
210 1443 262 1480 nec
276 1430 395 1500 accepto
409 1423 444 1480 ab
459 1423 494 1480 iis
508 1443 560 1481 nec
575 1431 687 1500 sperato
702 1424 787 1482 bono.

157 1502 250 1560 XLII.
291 1504 346 1560 117
350 1548 356 1560 .
373 1502 450 1572 Quid
461 1509 505 1560 est
515 1510 611 1561 autem
623 1503 701 1581 quod
713 1504 782 1561 deos
793 1523 960 1562 veneremur

116 1590 235 1660 propter
249 1583 468 1641 admirationem
484 1583 545 1640 cius
558 1591 684 1655 naturae,
696 1585 726 1640 ιιι
741 1604 797 1661 qua
811 1585 958 1662 egregium

117 1663 189 1720 nihil
199 1663 348 1720 videmusl
385 1662 460 1719 Nam
475 1663 685 1740 superstitione,
698 1664 776 1741 quod
789 1664 904 1742 gloriari
917 1685 960 1722 so·

116 1743 189 1813 letis,
204 1742 289 1799 facile
310 1750 354 1800 cst
374 1742 495 1812 liberari,
511 1762 577 1799 cum
598 1743 745 1801 sustuleris
766 1763 882 1801 omnem
899 1745 958 1801 vim

117 1822 244 1879 deorum.
287 1821 351 1879 Nisi
368 1822 429 1879 fort
417 1828 445 1879 te
462 1821 619 1898 Diagoram
636 1830 686 1880 aut
702 1823 885 1881 Theodorum
889 1825 959 1901 ,qui

117 1902 235 1959 omnino
250 1901 319 1959 deos
334 1921 393 1958 esse
404 1901 555 1978 negabant,
566 1922 663 1960 censes
674 1904 887 1980 superstitiosos
898 1923 959 1962 esso

116 1982 252 2059 potuisse.
291 1981 355 2058 Ego
366 2001 402 2039 ne
414 1963 601 2058 Protagoram
614 1983 747 2060 quidem.
767 1985 814 2040 cui
824 1991 958 2041 neutrum

116 2062 228 2119 licuerit
216 2069 296 2119 tneo
313 2081 373 2119 esse
390 2061 460 2119 deos
480 2081 532 2119 nec
553 2083 612 2119 non
633 2083 701 2121 esse.
744 2063 858 2121 Horum
881 2064 958 2121 enim

118 2142 275 2199 sententiae
299 2142 429 2199 omnium
453 2160 512 2199 non
536 2142 624 2200 modo
650 2144 882 2220 superstitionem
905 2143 959 2201 tol·

117 2223 188 2293 lunt,
201 2222 231 2279 in
247 2241 303 2299 qua
315 2222 390 2279 inest
404 2223 492 2278 timor
506 2222 599 2279 inanis
614 2223 741 2293 deorum,
752 2224 802 2281 sed
816 2224 902 2281 ctiam
918 2243 960 2282 re-

117 2303 262 2378 ligionem,
275 2321 347 2379 quae
368 2302 488 2360 deorum
509 2303 586 2360 cultu
605 2304 654 2380 pio
675 2304 845 2361 continetur.
891 2310 957 2362 118.

117 2381 213 2451 Quid?
233 2382 262 2453 ii,
281 2382 330 2458 qui
353 2381 487 2439 dixerunt
507 2389 599 2439 totam
622 2382 657 2439 de
680 2382 725 2439 dis
747 2381 959 2441 immortalibus

118 2463 284 2539 opinionem
299 2462 396 2519 fictam
412 2482 473 2520 esse
490 2461 526 2519 ab
540 2462 706 2519 hominibus
723 2463 900 2539 sapientibus
916 2465 960 2520 rei

117 2541 247 2619 publicae
262 2550 406 2612 causant,
420 2561 491 2620 quos
505 2542 578 2599 ratio
594 2561 651 2599 non
667 2551 773 2619 posset,
785 2562 834 2600 eos
848 2542 886 2599 ad
899 2542 960 2600 offi-

118 2623 193 2678 cium
205 2622 305 2698 religio
317 2623 440 2692 duceret,
452 2641 547 2679 nonne
558 2641 673 2679 omnem
685 2622 852 2699 religionem
862 2623 959 2679 fundi-

117 2709 164 2759 tus
175 2702 368 2759 sustulerunt?
404 2701 500 2771 Quid?
536 2701 676 2759 Prodicus
687 2702 770 2773 Ceus,
781 2703 830 2779 qui
842 2722 875 2759 ea
886 2722 959 2779 quac

118 2781 286 2857 prodessent
298 2781 447 2838 hominum
460 2783 542 2850 vitae,
553 2782 672 2839 deorum
683 2783 714 2838 in
728 2801 848 2839 numero
859 2781 960 2839 habita

119 2879 178 2916 esse
195 2860 267 2917 dixit
270 2903 276 2930 ,
256 2867 408 2936 ttquam
397 2861 512 2918 tandem
529 2861 697 2937 religionem
714 2863 847 2939 reliquitl
891 2868 957 2920 119.

119 2939 215 3005 Quint
236 2941 285 3014 qui
307 2947 356 2996 aut
344 2940 468 2997 tiortes
491 2947 541 2997 aut
561 2941 651 2998 claros
665 2949 715 2998 aut
731 2961 770 3018 po
772 2949 864 3000 tentes
881 2943 959 2998 viros

119 3017 237 3073 tradunt
225 3024 317 3093 tpost
330 3027 453 3075 mortem
468 3019 505 3076 ad
519 3019 588 3076 deos
601 3023 763 3095 pervenisse
778 3041 883 3099 eosque
898 3041 959 3078 csse

119 3097 198 3171 ipsos
216 3114 287 3171 quos
303 3115 355 3152 nos
373 3099 472 3169 colere,
483 3101 591 3175 precari
609 3101 790 3178 venerarique
808 3102 958 3173 soleamus

120 3194 215 3232 nonne
236 3184 364 3250 expertes
385 3185 451 3234 sunt
468 3178 637 3254 religionum
659 3182 807 3239 onmiuml
829 3200 900 3258 quac
917 3201 958 3238 r·a
