2220 3432
125 99 157 146 80
342 93 392 142 Du
411 92 562 142 NATURA
581 90 742 141 DEORUM.

124 197 255 255 cursione
269 195 408 254 fortuital
449 194 515 251 Hoc
530 194 580 271 qui
594 193 740 250 existimat
752 191 814 250 fieri
828 193 965 270 potuisse,

124 297 183 335 non
199 276 335 353 intellego
357 295 407 333 cur
428 294 486 332 non
503 273 581 331 idem
595 281 687 350 putet,
703 273 727 329 si
743 273 968 331 innumerabiles

124 358 209 415 unius
223 364 252 415 ct
263 357 365 433 viginti
376 357 487 412 formae
502 354 659 411 litterarum
671 353 715 410 vel
730 372 829 410 aureae
840 352 884 410 vel
900 372 968 430 qua·

124 437 234 495 leslibet
251 437 347 514 aliquo
365 435 528 504 coiciantur,
541 453 625 509 posse
642 453 676 491 ex
693 433 738 490 bis
755 433 785 490 in
802 440 905 490 terram
921 453 968 491 ex-

124 518 212 575 cussis
229 517 343 574 annales
360 515 456 584 Ennii,
466 521 499 571 ut
516 514 651 590 deinceps
667 513 725 590 legi
741 513 863 589 possint,
875 511 966 571 effici:

124 597 204 674 quod
219 597 315 654 nescio
333 615 369 653 an
387 614 422 652 ne
439 595 468 651 in
488 613 547 651 uno
564 594 681 670 quidem
698 612 781 650 versu
797 593 889 670 possit
905 599 966 650 tan·

123 685 187 734 tum
203 676 295 733 valere
316 676 440 733 fortuna
484 679 530 732 94.
549 673 602 730 Isti
623 681 719 730 autem
741 691 827 749 quem
848 673 886 730 ad
905 692 967 731 mo

123 757 194 814 dum
208 756 383 826 adseverant,
394 775 429 812 ex
439 753 615 830 corpusculis
625 773 683 810 non
694 753 798 824 colore,
808 772 866 810 non
878 753 967 830 quali·

123 843 182 894 tate
199 834 302 912 aliqua,
315 854 400 913 quarn
416 837 545 902 ποιότητα
562 833 664 890 Graeci
682 839 793 904 vocant,
805 851 863 889 nou
881 853 967 891 sensu

123 915 268 993 praeditis,
278 915 327 972 sed
338 914 572 972 concurrentibus
583 921 690 970 temere
704 921 790 990 atque
804 931 870 970 casu
885 932 967 970 mun-

124 995 194 1053 dum
205 1014 265 1052 esse
275 995 444 1071 perfectum,
453 995 497 1052 vel
506 993 728 1051 innumerabiles
736 993 835 1069 potius
843 993 873 1049 in
885 994 966 1050 omni

124 1082 232 1151 puncto
246 1075 385 1151 temporis
399 1075 469 1132 alios
483 1075 569 1145 nasei,
581 1073 652 1130 alios
666 1073 801 1130 interire?
841 1071 926 1141 Quod
941 1074 966 1130 si

123 1155 265 1212 mundum
276 1153 385 1212 efficere
394 1161 491 1231 potest
499 1173 653 1212 concursus
663 1161 835 1224 atomorum,
844 1172 894 1210 cur
901 1171 967 1229 por-

123 1237 222 1308 ticum,
232 1255 282 1293 cur
292 1235 441 1312 templum,
453 1253 503 1292 cur
516 1235 644 1304 domum,
655 1253 705 1291 cur
719 1232 817 1290 urbem
833 1251 891 1290 nou
902 1241 967 1309 pot

124 1317 185 1374 esti
206 1335 278 1394 quae
299 1324 366 1374 sunt
382 1315 478 1372 minus
495 1333 615 1391 operosa
635 1321 664 1371 et
680 1313 774 1370 multo
791 1313 906 1389 quidem
924 1313 967 1370 fa-

123 1396 228 1454 ciliora.
263 1395 347 1454 Certe
358 1395 401 1452 ita
410 1402 517 1452 temere
528 1395 564 1451 de
578 1394 687 1451 mundo
699 1393 882 1464 effutiuntut
893 1393 966 1451 milri

124 1477 240 1552 quidem
257 1494 414 1553 numquam
429 1475 506 1532 hunc
523 1473 720 1532 admirabilem
738 1472 808 1530 caeli
823 1481 965 1546 ornatum,

124 1557 174 1632 qui
194 1557 273 1614 locus
294 1564 337 1613 ost
358 1556 513 1633 proximus,
532 1554 690 1631 suspexisse
711 1553 869 1611 videantur.
917 1559 964 1612 95.

123 1636 269 1694 Praeclare
284 1655 352 1712 ergo
365 1634 551 1692 Aristoteles:
574 1634 591 1664 “
601 1634 632 1691 Si
647 1632 764 1691 essent''
779 1633 874 1709 inquit
889 1633 906 1662 “
916 1635 966 1710 qui

124 1716 176 1773 sub
198 1723 273 1773 terra
295 1735 407 1793 semper
428 1715 634 1773 habitavissent
653 1713 737 1770 bonis
758 1720 787 1770 et
808 1712 967 1772 illustribus

123 1796 285 1866 domiciliis,
301 1815 373 1872 quae
393 1803 488 1853 essent
510 1803 609 1852 ornata
629 1793 719 1871 signis
740 1800 825 1870 atque
846 1793 967 1870 picturis

123 1876 317 1953 instructaque
334 1875 418 1933 rebus
434 1875 470 1932 iis
491 1874 634 1946 omnibus,
650 1873 753 1950 quibus
770 1873 918 1931 abundant
935 1875 965 1946 ii,

124 1957 174 2034 qui
190 1955 267 2014 beati
284 1963 429 2032 putantur,
445 1975 497 2013 nec
513 1962 610 2012 tamen
627 1955 751 2012 exissent
767 1972 905 2030 umquam
922 1974 967 2012 su-

123 2056 175 2113 pra
188 2043 301 2107 terram,
313 2037 489 2112 accepissent
502 2042 599 2093 autem
609 2036 689 2092 fama
702 2041 731 2092 et
742 2034 890 2092 auditione
905 2053 966 2093 esse

124 2116 270 2194 quoddam
284 2135 390 2172 numen
406 2124 434 2173 et
449 2117 507 2172 vim
522 2116 651 2187 deorum,
663 2115 767 2172 deinde
784 2114 881 2191 aliquo
895 2122 968 2172 tem·

122 2216 192 2274 pore
203 2196 355 2273 patefactis
366 2203 455 2254 terrae
466 2196 599 2254 faucibus
613 2215 646 2253 ex
658 2195 715 2252 illis
729 2194 835 2252 abditis
850 2194 967 2252 sedibus

123 2277 240 2334 evadere
255 2276 285 2333 in
300 2276 368 2334 haec
383 2276 453 2346 loca,
463 2295 536 2353 quae
549 2295 603 2332 nos
617 2275 776 2345 incolimus,
789 2282 875 2352 atque
889 2274 967 2333 exire

122 2357 300 2434 potuissent:
322 2376 387 2414 cum
402 2364 519 2434 repente
532 2363 637 2414 terram
652 2363 681 2413 et
694 2355 785 2412 maria
798 2354 967 2432 caelumque

122 2437 269 2509 vidissent,
284 2436 404 2494 nubium
426 2436 655 2513 magnitudinem
677 2441 885 2512 ventorumque
905 2437 966 2492 vim

121 2518 324 2595 cognovissent
334 2516 566 2594 aspexissentque
578 2516 666 2572 solem
678 2516 795 2592 eiusque
809 2533 876 2572 cum
889 2533 968 2591 mag-

122 2598 284 2655 nitudinem
296 2596 596 2674 pulchritudinemque
606 2603 669 2654 tum
682 2596 768 2653 etiam
783 2594 967 2653 efficientiam

122 2678 332 2752 cognovissent,
345 2675 423 2753 quod
439 2677 463 2732 is
485 2675 562 2733 diem
583 2675 706 2734 efficeret
723 2682 786 2734 toto
808 2674 886 2732 caelo
903 2674 967 2732 luce

121 2757 236 2828 diffusa,
248 2775 313 2814 cum
328 2763 423 2813 autem
437 2763 527 2813 terras
540 2774 598 2812 nox
613 2763 767 2833 opacasset,
777 2763 839 2812 tum
856 2753 967 2811 caelum

121 2842 218 2892 totum
235 2842 381 2894 cernerent
396 2834 477 2892 astris
493 2834 662 2892 distinctum
680 2843 709 2892 et
724 2842 856 2891 ornatum
872 2834 968 2891 lunae-

123 2931 179 2991 quc
201 2913 342 2970 luminum
358 2914 522 2973 varietatem
541 2923 604 2972 tum
627 2914 786 2985 crescentis,
803 2922 866 2972 turn
889 2933 967 2971 sene-

123 2992 237 3063 scentis,
248 3011 402 3070 eorumque
416 2994 546 3052 omnium
562 3001 642 3052 ortus
658 3002 687 3050 ct
702 3011 817 3051 occasus
835 3000 921 3070 atque
936 2994 967 3050 in

124 3070 204 3126 omni
218 3073 383 3130 aeternitate
396 3081 474 3132 ratos
488 3073 738 3150 immutabilesque
755 3091 870 3130 cursus:
893 3092 967 3149 quae

124 3169 189 3209 oum
202 3151 337 3224 viderent,
345 3155 475 3232 profecto
490 3162 519 3213 et
530 3174 590 3213 esse
601 3154 670 3212 doos'
685 3153 793 3212 ethaeo
804 3160 887 3212 tanta
901 3173 968 3232 ope-
