2242 3436
121 151 154 196 98
341 144 390 192 DII
406 145 556 192 NATURA
572 143 731 193 DEORUM.

122 246 247 323 piantur.
290 244 420 302 Primum
435 245 511 302 enim
526 245 671 322 superiora
685 244 841 322 superciliis
856 244 961 303 obduc-

122 335 152 382 ta
166 325 298 382 sudorem
313 345 330 382 a
344 326 436 402 capite
447 332 476 381 et
486 344 503 382 a
513 326 609 382 fronte
624 323 795 381 defluentem
810 324 959 401 repellunt.

122 406 218 462 Genae
240 405 343 462 deinde
364 405 400 462 ab
417 405 552 462 inferiore
569 411 648 480 parte
665 411 796 461 tutantur
817 404 960 463 subiectae

122 485 278 562 leniterque
300 485 464 542 eminentes.
507 484 657 561 Nasusque
677 484 718 540 ita
733 484 843 541 locatus
864 491 914 556 est,
927 494 961 543 ut

122 565 203 642 quasi
222 584 321 622 murus
341 564 430 622 oculis
449 565 614 621 interiectus
634 583 694 621 esse
711 563 848 620 videatur.
892 569 958 623 144.

121 645 248 702 Auditus
262 651 358 702 autem
369 663 481 721 semper
491 651 587 721 patet:
609 644 669 700 eius
683 644 760 700 enim
775 663 858 700 sensu
872 645 960 701 etiam

121 725 295 782 dormientes
312 743 444 801 egemus:
466 744 483 780 a
500 743 557 801 qno
574 743 639 781 cum
657 743 743 782 sonus
760 730 803 780 est
817 732 958 801 acceptus

121 805 208 862 etiam
223 823 238 861 e
253 823 354 861 somno
368 805 531 862 excitamur.
566 803 737 861 Flexuosum
751 804 805 861 iter
818 802 913 875 habet,
923 824 960 861 ne

122 884 191 960 quid
209 884 313 941 intrare
329 885 429 960 possit,
442 885 465 940 si
487 884 607 960 simplex
626 891 655 940 et
675 884 819 941 derectum
839 891 958 960 pateret,

121 964 268 1040 provisum
282 965 377 1034 etiam,
387 970 428 1033 ut,
439 964 462 1020 si
477 983 533 1040 qua
543 965 663 1020 minima
676 963 796 1020 bestiola
810 971 960 1021 conaretur

120 1043 327 1119 irrumperem
345 1042 475 1100 sordibus
492 1044 602 1100 aurium
620 1051 766 1120 tamquam
782 1044 811 1099 in
827 1044 903 1100 visco
917 1044 960 1100 in·

120 1122 302 1179 haeresceret.
341 1122 429 1179 Extra
443 1130 538 1179 autem
553 1123 680 1180 eminent
694 1142 766 1200 quae
780 1122 960 1199 appellantur

121 1222 202 1260 aru'es
216 1210 245 1259 et
256 1202 371 1279 tegendi
383 1222 466 1260 causa
476 1204 569 1260 factae
583 1203 753 1280 tutandique
768 1222 865 1259 sensus
880 1211 909 1260 et
922 1223 959 1261 ne

121 1283 247 1340 adiectae
262 1301 344 1340 voees
358 1282 519 1340 laberentur
533 1289 618 1360 atque
635 1290 766 1354 errarent,
777 1283 856 1359 prius
873 1303 959 1360 quam

121 1382 218 1420 sensus
235 1363 271 1420 ab
285 1362 330 1419 bis
344 1363 442 1440 pulsus
459 1370 539 1421 esset.
583 1363 640 1420 Sed
656 1363 742 1420 duros
760 1372 788 1420 ct
803 1363 884 1440 quasi
900 1383 960 1421 cor·

120 1443 218 1500 neolos
229 1443 336 1501 habent
347 1444 482 1500 introitus
495 1443 650 1520 multisque
665 1463 729 1501 cum
741 1443 870 1513 flexibus,
881 1444 960 1521 quod

120 1523 166 1580 his
182 1524 291 1582 naturis
308 1523 412 1581 relatus
429 1523 618 1601 amplificatur
635 1543 729 1582 sonus.
772 1522 912 1592 Quocirca
930 1531 960 1581 ct

120 1604 150 1660 in
165 1603 270 1662 fidibus
284 1604 427 1662 testudine
442 1612 589 1662 resona-tur
603 1611 652 1662 aut
663 1623 751 1661 comu
766 1612 795 1660 ct
806 1613 840 1660 ex
850 1611 960 1661 tortuo

121 1685 160 1740 sis
174 1684 244 1741 locis
258 1691 287 1742 et
301 1685 416 1741 inclusis
433 1685 495 1741 soni
510 1685 672 1742 referuntur
688 1684 847 1761 ampliores.
892 1688 957 1742 145.

121 1763 259 1822 Similiter
273 1784 362 1835 nares,
375 1784 446 1841 quae
461 1784 572 1841 semper
586 1771 704 1842 propter
720 1765 889 1821 necessarias
905 1765 960 1820 uti-

120 1845 215 1901 litates
229 1851 337 1921 patent,
350 1845 551 1902 contractiores
564 1844 672 1902 habent
685 1845 875 1915 introituque
889 1843 960 1920 quid

120 1925 150 1981 in
175 1944 230 1995 eas,
249 1925 328 2001 quod
352 1932 460 1996 noceat,
478 1925 569 2002 possit
593 1925 754 2001 pervadere,
772 1928 960 2001 umoremque

121 2024 232 2081 semper
248 2003 356 2061 habent
372 2005 409 2061 ad
422 2004 568 2081 pulverem
584 2004 731 2082 multaque
748 2004 803 2062 alia
819 2004 961 2081 depellen-

121 2085 159 2141 da
179 2104 237 2141 non
257 2084 397 2142 inutilem.
443 2085 581 2142 Gustatus
601 2085 742 2161 praeclare
764 2090 878 2160 saeptus
899 2093 959 2141 est:

121 2185 170 2222 ore
184 2165 261 2222 enim
276 2165 438 2222 continetur
452 2172 480 2222 et
495 2165 531 2222 ad
546 2184 629 2222 usum
643 2172 710 2242 apte
725 2172 754 2222 et
764 2165 801 2221 ad
811 2163 961 2221 incolumi-

120 2246 189 2302 tatis
203 2246 372 2303 custodiam.
414 2244 572 2322 Omnisque
587 2264 685 2302 sensns
699 2244 849 2302 bominum
867 2244 960 2302 multo

121 2325 264 2383 antecellit
275 2325 403 2383 sensibus
414 2325 577 2382 bestiarum.
614 2324 720 2382 LVIII.
737 2324 868 2381 Primum
883 2325 960 2380 enim

122 2406 197 2463 oculi
214 2407 243 2462 in
261 2406 295 2462 iis
312 2404 428 2474 artibus,
441 2424 560 2481 quarum
577 2405 716 2461 iudicium
738 2411 781 2461 cst
802 2404 959 2473 oculorum,

120 2485 150 2541 in
165 2487 258 2562 pictis,
268 2485 342 2542 fictis
357 2485 526 2561 caelatisque
540 2485 650 2555 formis,
660 2485 690 2540 in
706 2502 857 2560 corporum
873 2484 961 2540 etiam

9 2559 10 2572 ¹
65 2631 66 2634 Ἰ
120 2566 249 2622 motione
260 2572 345 2642 atquc
356 2572 439 2640 gestu
450 2564 541 2621 multa
552 2571 671 2621 cernunt
682 2563 822 2635 subtilius,
832 2563 961 2620 colorum

121 2645 207 2701 etiam
229 2653 258 2702 et
274 2645 428 2720 figurarum
445 2651 508 2701 tum
525 2651 704 2701 venustatem
725 2651 810 2721 atque
830 2643 961 2700 ordinem

122 2731 158 2791 ct,
170 2732 201 2780 ut
212 2725 252 2780 ita
263 2725 365 2792 dicam,
373 2724 533 2780 decentiam
546 2724 621 2781 oculi
631 2724 768 2794 iudicant,
777 2731 861 2800 atque
873 2723 961 2780 etiam

122 2802 177 2858 alia
196 2804 311 2860 maiora.
355 2803 429 2858 Nam
451 2810 480 2860 et
496 2804 615 2860 virtutes
632 2811 661 2860 et
677 2804 748 2860 vitia
764 2809 960 2879 cognoscunt:

121 2881 226 2937 iratum
243 2882 410 2958 propitium,
423 2881 576 2940 laetantem
593 2882 747 2954 dolentem,
760 2884 866 2940 fortem
883 2883 961 2958 igna-

123 2978 199 3028 vum,
212 2961 345 3017 audacem
361 2961 553 3038 timidumque
568 2969 752 3038 cognoscunt.
793 2967 858 3018 146.
877 2962 961 3018 Auri-

124 3056 229 3112 umque
240 3039 309 3094 item
324 3047 367 3096 est
378 3041 544 3098 admirabile
559 3041 704 3118 quoddam
719 3041 961 3117 artificiosumque

124 3115 271 3184 iudicium,
285 3136 341 3191 quo
362 3120 505 3177 iudicatur
525 3128 553 3176 et
574 3121 604 3176 in
625 3121 703 3177 vocis
724 3121 802 3177 etin
824 3119 961 3176 tibiarum

125 3211 332 3270 nervorumque
354 3198 484 3255 cantibus
504 3200 624 3257 varietas
645 3218 789 3269 sonorum,
805 3198 960 3269 intervalla,
