2242 3436
143 128 190 176 136
365 124 417 174 DE
433 123 584 175 NATURA
599 123 761 175 DEORUM.

141 234 172 285 at
184 226 381 304 Apollodorus
394 245 503 304 poenas
517 225 639 284 sustulit.
674 225 773 284 Multis
789 227 904 304 quidem
919 235 986 286 ante

141 308 274 367 cruciatis
291 313 321 366 et
337 307 452 365 necatis.
495 305 534 364 Et
548 306 707 382 praedones
722 307 807 364 multi
822 327 904 384 saepe
918 327 986 385 poe

140 407 192 444 nas
206 388 285 458 dant,
297 406 348 444 nec
362 393 459 444 tamen
471 405 624 462 possumus
635 385 729 444 dicere
742 406 801 444 non
812 387 907 464 plures
922 407 986 465 cap-

140 469 216 525 tivos
230 467 329 524 acerbe
345 485 431 544 quam
445 466 603 542 praedones
620 473 743 524 necatos.
782 467 985 526 Anaxarchum

140 547 352 606 Democritium
368 567 385 603 a
398 545 508 623 Cyprio
523 552 647 623 tyranno
664 545 894 605 excarnificatum
908 567 986 605 acee-

139 627 243 702 pimus,
256 626 401 683 Zenonem
416 625 501 682 Eleae
515 626 546 683 in
560 625 712 683 tormentis
726 633 866 684 necatum.
906 626 985 696 Quid

139 707 233 763 dicam
248 705 284 763 de
299 705 424 775 Socrate,
434 705 515 762 cuius
528 705 617 762 morti
626 704 789 762 illacrimari
799 705 877 764 soleo
887 706 985 764 Plato-

138 805 205 842 nem
216 786 331 862 legensl
356 784 484 843 Videsne
495 785 585 862 igitur
595 785 715 842 deornm
725 785 841 854 iudicio,
849 785 874 842 si
884 786 984 844 vident

138 864 338 936 reshumanas,
348 865 500 922 discrimen
510 884 570 923 esse
579 864 740 922 sublatuml
767 864 911 924 XXXIV.
935 872 982 924 83.

138 944 285 1022 Diogenes
302 945 420 1022 quidem
436 944 563 1022 Cynicus
579 945 673 1003 dicere
689 943 799 1002 solebat
812 945 983 1022 Harpalum,

139 1026 189 1101 qni
210 1024 389 1101 temporibus
409 1024 465 1082 illis
486 1025 593 1101 praedo
613 1023 683 1082 felix
704 1023 984 1095 habebatur,cont1·a

139 1104 209 1162 deos
229 1105 428 1162 testimoninm
449 1105 551 1175 dicere,
565 1104 642 1182 quod
662 1105 692 1161 in
714 1104 762 1162 illa
782 1104 900 1162 fortuna
920 1112 982 1162 tam

139 1179 190 1242 di'u
200 1185 314 1242 viveret.
349 1184 516 1261 Dionysiae,
527 1186 563 1243 de
574 1204 631 1262 quo
645 1192 712 1242 ante
723 1185 792 1255 dixi,
802 1203 868 1242 curn
879 1185 982 1242 fanum

138 1264 327 1341 Proserpinae
339 1263 436 1323 Locris
447 1265 635 1342 expilavisset,
646 1264 798 1341 navigabat
809 1263 981 1341 Syracusas:

138 1345 219 1422 isque
230 1365 295 1403 cum
307 1345 513 1402 secundissimo
523 1351 608 1402 vento
619 1363 733 1402 cursum
742 1351 860 1415 teneret,
868 1344 981 1402 ridens:

138 1424 298 1496 Videtisne,
308 1425 411 1502 inquit,
423 1425 517 1496 amici,
530 1443 615 1502 qnam
630 1424 707 1482 bona
722 1443 740 1482 a
755 1423 800 1481 dis
813 1424 982 1482 immortali-

137 1504 192 1562 bus
206 1505 351 1582 navigatio
366 1504 509 1580 sacrilegis
526 1505 628 1562 deturl
669 1503 760 1581 quue
774 1503 862 1562 homo
879 1511 982 1561 acutus

138 1603 204 1641 cum
224 1585 297 1642 bene
314 1583 455 1660 planeque
471 1583 652 1660 percepisset,
664 1584 695 1641 in
716 1583 816 1642 eadem
838 1585 982 1642 sententia

137 1664 351 1742 perseverabat:
374 1664 423 1740 qui
435 1683 499 1720 cum
511 1663 547 1720 ad
558 1663 791 1740 Peloponnesum
803 1663 920 1721 classem
931 1683 981 1740 ap-

137 1745 257 1820 pulisset
272 1751 302 1800 et
317 1744 347 1799 in
362 1743 462 1799 fanum
477 1743 601 1800 venisset
617 1742 695 1800 Iovis
711 1742 849 1820 Olympii,
861 1763 980 1800 aureum

138 1824 164 1880 ei
179 1823 302 1880 detraxit
316 1823 469 1879 amiculum
484 1823 586 1898 grandi
600 1823 735 1900 pondere,
748 1842 806 1899 quo
820 1822 917 1880 Iovem
935 1842 982 1880 or-

137 1910 219 1960 narat
240 1923 255 1960 e
277 1902 419 1960 manubiis
435 1901 721 1980 Karthaginiensium
737 1910 876 1979 tyrannus
896 1902 979 1974 Gelo,

137 1990 223 2060 atque
243 1983 273 2039 in
296 2002 330 2039 eo
351 1982 437 2039 etiam
459 1982 605 2040 cavillatus
626 1991 669 2040 est
685 1989 792 2040 aestate
812 2001 897 2059 grave
918 2002 981 2041 esse

137 2081 253 2120 aureum
265 2062 428 2130 amiculum,
438 2061 532 2120 hieme
543 2062 692 2139 frigidum,
703 2063 785 2140 eique
795 2061 909 2120 laneum
920 2063 982 2139 pal-

136 2143 208 2200 lium
222 2142 329 2214 iniecit,
340 2162 405 2200 cum
419 2143 451 2199 id
465 2162 524 2200 esse
537 2137 663 2221 [aptum]
675 2143 712 2199 ad
726 2161 812 2200 omne
826 2143 894 2200 anni
907 2150 981 2200 tem-

136 2241 191 2298 pus
212 2223 326 2280 diceret.
369 2222 507 2300 Idemque
524 2222 688 2300 Aesculapii
705 2222 844 2300 Epidauri
859 2222 981 2281 barbam

136 2322 250 2360 auream
262 2303 339 2360 demi
350 2303 449 2360 iussit:
467 2321 559 2379 neque
574 2303 650 2359 enim
665 2303 816 2360 convenire
826 2301 981 2360 barbatum

136 2402 196 2440 esse
206 2383 305 2453 filium,
313 2402 378 2440 cum
390 2383 420 2438 in
432 2383 565 2440 omnibus
573 2383 649 2440 fanis
658 2389 739 2460 pater
747 2381 884 2440 imberbis
895 2389 979 2440 esset.

138 2468 184 2520 84.
200 2461 280 2520 Idem
295 2482 408 2520 mensas
422 2469 569 2538 argenteas
586 2463 622 2520 dc
636 2463 770 2520 omnibus
784 2461 908 2519 delubris
923 2463 982 2519 ius-

137 2542 175 2599 sit
191 2542 304 2613 auferri,
317 2543 348 2599 in
365 2541 469 2618 quibus
486 2542 563 2619 quod
577 2561 657 2600 more
672 2542 774 2600 veteris
788 2541 923 2599 Graeciae
937 2543 982 2598 in-

137 2622 274 2699 scriptum
289 2629 363 2678 esset
378 2641 524 2680 aouoaun
539 2641 674 2691 usoauu,
686 2622 728 2679 uti
739 2641 769 2678 se
784 2641 881 2679 eorum
897 2621 982 2679 boni-

136 2707 195 2758 tate
205 2701 275 2757 velle
287 2701 407 2758 dicebat.
444 2701 524 2758 Idem
534 2701 707 2759 Victoriolas
718 2721 817 2759 aureas
827 2708 856 2759 et
864 2709 983 2778 pateras

137 2786 166 2836 et
177 2798 303 2850 coronas,
315 2798 387 2855 quae
398 2780 612 2838 simulacrorum
623 2781 762 2857 porrectis
772 2780 904 2838 manibus
920 2801 981 2838 sus-

137 2858 309 2928 tinebantur,
320 2859 380 2914 sine
395 2858 574 2916 dubitatione
588 2860 707 2918 tollebat
722 2879 811 2937 eaque
825 2880 855 2918 se
869 2862 982 2938 accipe-

137 2955 245 3006 re,nou
262 2937 372 2994 auferre
389 2937 518 2994 dicebat:
540 2959 600 2996 esse
617 2941 694 2996 enim
712 2938 902 3010 stultitiam,a
917 2943 982 3017 qui-

137 3015 191 3071 bus
201 3013 277 3070 bona
288 3033 473 3091 precaremur,
484 3016 519 3073 ab
530 3018 565 3074 iis
575 3019 788 3095 porrigentibus
802 3027 831 3077 et
842 3021 983 3079 dantibus

137 3093 214 3150 nolle
235 3113 352 3152 sumere.
395 3095 582 3174 Eundemque
603 3099 700 3156 ferunt
720 3099 799 3171 haec,
815 3119 887 3177 quae
909 3101 982 3172 dixi,

139 3172 249 3232 sublata
259 3174 295 3232 de
306 3174 382 3233 fanis
392 3176 421 3232 in
433 3177 528 3233 forum
541 3177 692 3252 protulisse
707 3187 735 3236 et
746 3200 798 3256 per
807 3200 984 3258 praeconem
