2242 3436
131 103 178 152 130
234 101 237 108 '
359 100 408 148 DE
425 100 574 149 NATURA
591 99 753 148 DEORUM.

643 205 776 260 postquem
788 204 859 259 pater

161 262 352 326 Appropinquat
363 262 463 324 iamque
474 277 552 325 paene
564 271 592 310 ut
603 263 827 325 comprehendatur
837 269 916 325 parat,

162 328 272 376 Puerum
284 327 378 376 interea
389 329 519 376 obtruncat
530 326 690 390 membraque
701 326 850 376 articulatim
862 326 958 388 dividit,

161 393 259 456 Perque
270 408 343 454 agros
354 391 446 456 poesim
457 393 576 454 dispergit
587 407 691 455 corpus:
711 393 737 440 id
748 407 779 441 ea
789 392 875 454 gratia,

162 459 206 518 Ut,
217 459 278 506 dum
288 459 342 506 nati
353 457 492 521 dissupatos
504 466 573 505 artus
584 466 694 519 captaret
704 473 802 520 parens,

162 524 222 586 Ipsa
233 524 326 572 interea
337 523 465 583 effugeret,
473 522 543 570 illum
555 531 584 571 ut
595 537 696 572 maeror¹
704 523 813 572 tardaret
825 522 903 585 sequi,

163 589 217 639 Sibi
227 589 333 638 salutem
344 598 372 638 ut
383 588 498 637 familiari
510 597 607 650 pareret
617 587 754 650 parricidio.

132 721 178 773 68.
191 715 268 773 Huic
280 721 312 772 ut
323 714 422 785 scelus,
433 714 473 771 sic
484 733 520 771 ne
531 715 604 772 ratio
617 714 733 791 quidem
744 712 847 772 defait.
878 711 974 782 Quint

131 795 177 852 ille
187 795 316 852 funestas
327 794 424 872 epulas
434 794 516 851 fratri
528 813 696 871 comparans
707 812 802 851 nonne
813 799 906 851 versat
915 791 974 849 huc

132 882 161 932 et
175 874 242 932 illuc
256 874 431 952 cogitatione
445 874 605 942 rationeml

163 1011 247 1060 Maior
258 1011 319 1059 mihi
330 1011 416 1072 moles,
427 1011 508 1059 maius
519 1010 698 1060 miscendumst
709 1011 812 1070 malum,

163 1076 214 1136 Qui
224 1077 288 1126 illius
299 1077 415 1126 acerbum
427 1092 468 1125 cor
479 1076 633 1126 contundam
644 1085 669 1125 et
680 1077 851 1140 comprimam.

131 1204 261 1263 XXVII.
280 1205 341 1264 Nec
355 1213 452 1263 tamen
467 1205 514 1263 ille
529 1206 590 1283 ipse
605 1212 648 1262 est
662 1205 892 1282 praetereundus,

165 1332 214 1393 Qui
225 1347 275 1381 non
286 1341 324 1382 sat
336 1333 421 1382 babuit
434 1332 565 1394 coniugem
577 1332 651 1382 illcxe
661 1333 688 1380 in
700 1342 823 1395 stuprum:

132 1461 168 1518 de
184 1480 241 1538 quo
255 1468 331 1518 recte
346 1468 375 1518 et
389 1460 535 1518 verissime
549 1459 677 1537 loquitur
690 1461 813 1518 Atreus:

166 1625 172 1636 .
194 1624 201 1637 .
221 1623 227 1634 .
247 1587 311 1649 quod
324 1588 348 1635 in
363 1602 388 1634 re
399 1602 497 1635 summa
509 1601 632 1634 summum
644 1602 697 1636 esse
708 1587 814 1636 arbitror

165 1652 299 1710 Fericium,
309 1661 401 1702 matres
412 1653 565 1714 coinquinari
577 1653 664 1712 regias,

166 1717 337 1766 Contaminari
347 1718 448 1778 stirpem
460 1732 490 1765 ae
501 1717 598 1766 misceri
609 1732 694 1778 genus.

134 1834 176 1892 At
187 1835 217 1973 ipl
228 1835 322 1914 ipsum
334 1855 420 1912 quam
431 1835 539 1908 callide,
549 1837 599 1914 qui
609 1856 729 1914 regnum
741 1837 880 1896 adulterio
892 1858 978 1916 quae·

133 1935 194 1972 rere
217 1933 224 1973 :

166 2043 250 2103 Addo,
259 2043 345 2106 iuquit,
356 2043 411 2105 huc,
421 2045 488 2107 quod
500 2044 560 2092 mibi
572 2052 686 2106 portento
698 2045 830 2095 caelestum
842 2055 912 2108 pater

166 2109 312 2169 Prodigium
322 2109 398 2170 misit,
410 2110 478 2169 regni
491 2109 631 2158 stabilimen
643 2111 700 2171 mei,

166 2175 268 2233 Agnum
280 2174 344 2222 inter
352 2175 458 2236 pecudes
468 2190 543 2224 aurea
554 2175 649 2222 clarum
661 2189 733 2223 coma

129 2255 131 2258 ·
168 2239 298 2298 Quendam
309 2239 443 2300 Thyestem
455 2240 551 2302 clepere
563 2255 650 2288 nusum
663 2241 763 2302 erepla,

167 2303 225 2364 Qua
235 2304 262 2352 in
272 2319 299 2352 re
310 2305 456 2354 adiutricem
467 2306 597 2366 coniugem
610 2307 675 2368 cepit
687 2307 740 2354 sibi.

136 2427 185 2480 69.
193 2422 354 2480 Videturne
366 2423 671 2500 summaimprobitatc
682 2444 749 2482 usus
760 2443 818 2482 non
830 2426 891 2484 siue
901 2445 979 2484 sum·

135 2521 256 2560 maesse
271 2504 399 2560 rationed
435 2503 463 2560 N
465 2522 497 2560 ec
510 2523 577 2561 vero
592 2523 693 2562 scaena
707 2505 799 2562 solum
813 2507 918 2564 referta
932 2514 978 2564 est

135 2581 181 2638 his
195 2582 353 2652 sceleribus,
367 2582 417 2639 sed
429 2583 522 2640 multo
537 2584 596 2640 vita
610 2586 771 2641 communis
785 2605 874 2662 paene
888 2587 979 2643 maio·

135 2661 221 2719 ribus.
265 2661 360 2718 Sentit
380 2661 483 2718 domus
503 2664 588 2720 unius
609 2665 753 2741 cuiusque,
766 2667 854 2722 sentit
869 2666 976 2736 forum,

137 2741 224 2797 sentit
234 2741 319 2811 curia,
327 2760 452 2817 campus,
461 2743 538 2811 socii,
546 2744 717 2819 provinciae,
725 2752 758 2801 ut
770 2764 854 2822 quern
870 2745 906 2801 ad
916 2765 979 2802 mo·

137 2819 207 2875 dum
223 2819 335 2876 ratione
351 2829 427 2878 recte
441 2821 551 2892 liuteis
567 2824 677 2880 ratione
692 2834 833 2901 peccetur,
845 2825 979 2882 alterurn-

138 2917 192 2972 que
207 2904 236 2954 et
246 2917 263 2954 a
273 2900 370 2974 paucis
380 2907 410 2956 ct
420 2919 491 2969 rar0,
501 2900 622 2958 alterum
635 2911 664 2959 ct
675 2904 838 2980 saepissime
850 2912 878 2962 et
889 2925 906 2960 a
916 2905 979 2981 plu·
1054 2938 1058 2946 ·

137 2976 225 3046 rimiS,
235 2984 268 3033 ut
283 2979 370 3035 satius
384 2980 472 3037 fuerit
485 2980 591 3037 nullam
607 2982 724 3052 omninp
739 2983 823 3040 nobis
837 3004 854 3041 a
867 2985 912 3041 dis
926 2985 979 3040 im-

137 3055 305 3113 mortalibus
319 3058 415 3116 datam
430 3079 489 3116 esse
500 3061 638 3116 rationem
652 3080 736 3137 quam
748 3069 829 3119 tanta
840 3083 903 3120 cum
916 3083 979 3140 per·

137 3134 211 3192 nicio
228 3134 332 3195 datam.
379 3137 418 3197 Ut
432 3139 530 3196 vinum
548 3140 672 3214 aegrotis
688 3141 755 3216 quia
771 3142 889 3218 prodest
903 3163 979 3216 raro,
