2220 3432
122 136 154 183 72
343 131 393 181 DE
410 131 561 180 NATURA
577 130 737 181 DEORUM.

122 241 166 292 ter
179 232 302 290 inventis
316 237 408 290 tracta
421 232 494 289 ratio
509 232 546 289 sit
557 231 594 288 ad
608 232 825 289 commenticios
840 239 869 290 et
882 231 965 291 fictos

122 314 212 371 deosl
237 331 309 390 quae
329 331 374 370 res
395 312 496 388 genuit
516 311 602 368 falsas
628 312 779 388 opiniones
800 331 965 390 erroresque

121 393 302 450 turbulentos
323 399 352 449 et
369 391 585 468 superstitiones
602 411 692 468 paene
713 392 809 449 aniles.
852 393 891 450 Et
907 395 966 451 for-

121 492 184 530 mae
203 473 279 530 enirn
297 471 381 528 nobis
398 472 516 529 deorum
534 479 563 528 et
577 478 684 529 aetates
705 479 734 528 et
748 473 868 530 vestitus
885 492 966 531 orna-

122 561 225 629 tusque
241 552 305 609 noti
322 558 397 622 suut,
413 570 518 627 genera
534 557 687 627 praeterea,
703 552 845 628 coniugia,
862 572 966 630 cogna-

121 633 215 689 tiones
233 631 385 708 omniaque
403 631 534 688 traducta
550 630 587 687 ad
603 630 822 689 similitudinem
840 632 966 690 imbecil-

122 712 211 769 litatis
224 711 382 768 humanae:
401 729 468 767 nam
483 717 512 768 ot
522 709 695 786 perturbatis
709 711 813 768 animis
827 711 966 769 inducun-

121 798 187 849 tur:
210 791 372 868 accepimus
389 791 466 847 enim
480 789 600 848 deorum
617 791 799 868 cupiditates,
812 792 966 867 aegritudi-

121 891 180 943 neS,
193 870 362 940 iracundias,
374 889 426 932 nec
443 889 518 940 vero,
534 878 567 927 ut
583 869 698 928 fabulae
714 871 821 939 ferunt,
837 872 867 930 di
884 871 966 929 bellis

122 950 294 1028 proeliisque
309 956 467 1019 caruerunt,
478 969 530 1006 nec
545 949 646 1019 solum,
658 958 691 1007 ut
705 949 782 1026 apud
793 951 965 1022 Homerum,

122 1050 188 1088 cum
203 1031 276 1088 duos
290 1030 430 1087 exercitus
444 1029 601 1087 contrarios
616 1029 662 1086 alii
675 1030 705 1087 di
716 1050 750 1087 ex
761 1030 817 1088 alia
827 1039 907 1108 parte
919 1031 967 1089 de-

122 1111 282 1181 fenderent,
294 1109 343 1167 scd
358 1110 454 1180 etiam,
464 1117 497 1168 ut
508 1129 573 1166 curn
584 1109 704 1180 Titanis,
714 1118 748 1167 ut
759 1129 824 1167 cum
836 1110 967 1187 Giganti-

122 1191 184 1261 buS,
195 1210 246 1248 sua
256 1190 371 1267 propria
382 1190 455 1247 bella
466 1196 621 1266 gesserunt.
656 1190 736 1247 Haec
748 1198 777 1248 et
788 1190 923 1248 dicuntur
937 1198 967 1249 et

122 1271 277 1328 creduntur
288 1269 454 1327 stultissime
465 1277 494 1327 et
502 1269 588 1345 plena
596 1277 663 1327 sunt
671 1270 819 1328 futilitatis
828 1290 968 1328 summae-

122 1371 177 1428 que
189 1351 320 1408 levitatis.
357 1350 402 1408 71.
416 1349 473 1408 Sed
484 1358 580 1408 tamen
591 1349 637 1406 his
647 1349 754 1407 fabulis
768 1351 871 1427 spretis
881 1369 913 1408 ac
925 1370 968 1408 re-

122 1431 248 1508 pudiatis
260 1431 330 1488 deus
340 1430 487 1507 pertinens
497 1448 549 1506 per
558 1436 691 1487 naturam
705 1430 841 1507 cuiusque
855 1431 904 1502 rei,
914 1450 968 1508 per

122 1520 211 1569 terras
227 1511 321 1581 Ceres,
334 1529 386 1587 per
401 1510 491 1567 maria
508 1509 670 1585 NeptunuS,
683 1509 730 1566 alii
747 1529 799 1587 per
815 1510 870 1567 alia
886 1519 968 1587 pote-

122 1598 189 1649 runt
204 1590 341 1667 intellegi,
352 1590 402 1667 qui
417 1590 569 1667 qualesque
584 1589 642 1646 sint
657 1609 771 1666 quoque
786 1609 834 1647 eos
848 1591 968 1647 nornine

123 1671 301 1729 consuetudo
315 1670 529 1746 nuncupaverit,
542 1669 596 1726 hos
610 1669 680 1726 deos
694 1677 723 1726 et
738 1671 864 1727 venerari
878 1677 907 1727 et
921 1690 969 1727 co-

122 1751 179 1808 lere
201 1751 346 1808 debemus.
389 1749 492 1806 Cultus
512 1756 607 1807 autem
630 1749 750 1806 deorum
772 1757 815 1806 est
836 1751 967 1827 optimus

123 1831 258 1907 idemque
273 1829 447 1887 castissimus
462 1835 547 1905 atquc
565 1829 759 1886 sanctissimus
773 1829 969 1906 plenissimus-

124 1930 178 1988 que
195 1910 320 1988 pietatis,
332 1916 365 1966 ut
382 1928 431 1966 eos
449 1928 561 1986 semper
577 1928 656 1986 pura,
669 1909 788 1986 integra,
800 1910 969 1987 incorrupta

40 2028 42 2033 -
123 1999 153 2048 et
165 1997 263 2048 mente
280 1995 309 2046 et
323 2008 392 2046 voce
407 2008 580 2046 veneremur.
623 1989 691 2046 Non
709 1989 786 2046 enim
800 1989 969 2067 philosophi

97 2083 99 2087 '
124 2070 225 2140 solum,
238 2089 336 2127 vemm
354 2069 439 2126 etiam
456 2069 579 2126 maiores
596 2070 687 2126 nostri
702 2070 934 2146 superstitionem
950 2090 969 2127 a

123 2150 261 2226 religione
276 2156 484 2226 separaverunt.
521 2149 566 2206 72.
582 2148 658 2206 Nam
674 2149 723 2225 qui
738 2155 816 2206 totos
829 2149 891 2206 dies
905 2169 969 2227 pre-

124 2229 261 2288 cabantur
281 2237 310 2287 ct
331 2228 527 2300 immolabant,
543 2236 576 2286 ut
598 2229 652 2286 sibi
673 2229 717 2286 sui
734 2229 816 2286 liberi
834 2231 969 2306 supersti-

123 2316 167 2368 tes
188 2317 289 2381 essent,
306 2310 495 2388 superstitiosi
517 2315 584 2367 sunt
605 2309 748 2386 appellati,
762 2309 840 2386 quod
860 2329 967 2366 nornen

123 2391 218 2468 patuit
242 2397 342 2467 postca
365 2389 458 2447 latius.
502 2388 559 2458 Qui
583 2398 679 2446 autem
704 2389 810 2459 omnia,
833 2408 905 2465 quae
930 2390 968 2447 ad

124 2471 232 2528 cultum
248 2471 367 2527 deorum
381 2470 566 2546 pertinerent,
575 2469 728 2545 diligenter
741 2476 927 2526 retractarent
938 2478 969 2526 ct

124 2556 271 2628 tamquam
286 2549 451 2626 relegerent,
464 2556 531 2607 sunt
545 2549 616 2606 dicti
627 2548 753 2625 religiosi
768 2568 800 2606 cx
818 2547 969 2624 “relegen-

124 2629 188 2688 do”
207 2625 364 2706 [elegantes
385 2649 420 2686 ex
438 2629 454 2656 “
465 2629 597 2706 eligendo
607 2626 646 2706 ’'],
658 2635 806 2704 tamquam
824 2648 859 2685 ex
878 2628 969 2685 “dili-

124 2710 219 2783 gendo
229 2709 245 2736 ”
263 2709 424 2786 diligentes,
440 2728 475 2766 ex
493 2710 509 2736 ‘⁶
520 2708 711 2785 intellegendo
722 2708 738 2735 ”
758 2708 967 2785 intellegentes,

125 2789 181 2845 His
197 2790 274 2846 enim
288 2789 318 2846 in
334 2788 426 2846 verbis
443 2788 577 2845 omnibus
590 2789 665 2845 inest
679 2789 722 2844 vis
736 2788 852 2864 legendi
866 2787 966 2845 eadem

127 2887 198 2944 quae
212 2868 242 2925 in
256 2868 398 2945 religiose.
441 2867 485 2925 lta
495 2869 603 2925 factum
620 2875 663 2924 cst
680 2869 709 2924 in
725 2867 924 2945 superstitioso
938 2874 968 2924 et

126 2947 259 3022 religioso
281 2949 401 3005 alterum
422 2947 486 3005 vitii
506 2966 621 3017 nornen,
637 2947 757 3004 alterum
778 2947 879 3006 laudis.
922 2946 967 3004 Ac

126 3027 200 3083 mihi
213 3026 312 3084 videor
326 3028 393 3084 satis
408 3035 437 3085 et
451 3046 511 3084 esse
525 3027 595 3084 deos
609 3033 638 3084 ot
652 3027 749 3104 qualos
766 3034 860 3085 essent
874 3033 968 3085 osten·

128 3105 211 3161 disse.

168 3182 282 3241 XXIX.
306 3182 351 3241 73.
364 3184 531 3242 Proximum
546 3192 632 3244 estut
643 3185 761 3244 doceam
772 3186 890 3244 deorum
902 3205 967 3262 pro·
