2220 3432
235 119 305 170 LIB.
320 119 351 182 1.,
364 121 442 171 CAP.
457 121 757 184 XXXII.-XXX1V.,§
773 126 862 174 91-96.
937 127 970 174 ab

130 221 175 278 rit.
211 220 357 280 XXXIV:
373 221 450 280 Zeno
465 223 581 299 quidem
596 242 655 280 non
669 243 719 280 eos
733 223 834 295 solum,
844 225 893 302 qui
906 232 970 282 tum

130 307 218 372 eraut,
237 301 456 377 Apollodorum,
474 303 594 379 Syllum,
613 311 730 374 ceteros,
752 303 859 380 figebat
885 305 972 363 male·
1036 315 1039 324 ’

129 381 223 452 dictis,
239 382 289 438 sed
306 381 452 439 Socratem
473 383 577 459 ipsum,
592 390 738 460 parentem
761 383 969 462 philosophiae,
1026 423 1031 439 ,

129 461 232 518 Latino
247 461 333 518 verbo
350 469 441 532 utens,
454 482 578 520 scurram
592 463 725 521 Atticum
740 465 829 522 fuisse
846 464 968 537 dicebat,
1000 503 1003 514 ,

129 541 326 618 Chrysippum
353 561 510 619 numquam
538 544 594 600 nisi
622 543 815 622 Chrysippam
839 541 968 603 voo'a'oat.

130 625 177 678 94.
195 621 238 678 Tu
255 623 315 698 ipse
329 622 415 705 paulo
433 630 508 693 ante,
520 642 585 680 oum
599 629 746 702 tamquam
764 615 971 704 senatumphi'-
1007 656 1015 670 =

128 699 315 778 losophorum
332 699 472 774 recitares
485 722 613 761 summos
629 705 705 761 viros
722 705 859 782 desipere,
872 705 971 762 delira-

128 798 168 850 re,
180 781 328 839 dementes
344 801 404 840 esse
421 782 544 840 dicebas.
586 783 714 854 Quorum
732 785 856 843 sinemo
871 785 969 862 rerum

129 860 203 935 vidit
219 861 256 919 de
276 868 377 918 natura
393 862 691 934 deorumnerendum
714 863 813 924 estne
834 865 912 923 nulla
933 866 971 923 sit

129 941 257 998 omnino.
299 941 374 999 Nam
388 943 451 1014 ista,
465 962 537 1020 quac
550 963 601 1002 vos
618 945 722 1016 dicitis,
734 953 802 1003 suut
814 953 878 1005 tota
894 964 970 1003 com-

128 1021 273 1091 menticia,
289 1022 336 1078 rix
357 1022 446 1098 digna
462 1023 658 1082 lucubratione
675 1025 858 1083 anicularum.
901 1025 968 1082 Nou

128 1101 206 1157 enim
223 1102 336 1159 sentitis
353 1121 439 1178 quam
455 1104 546 1160 multa
561 1105 643 1161 vobis
664 1097 843 1179 suscipienda
864 1105 929 1177 sint,
945 1106 968 1162 si

128 1180 315 1256 impetrantis
334 1190 368 1239 ut
384 1183 573 1240 concedamus
593 1183 712 1242 eandem
734 1187 884 1245 homiuum
909 1206 969 1244 esse

129 1267 159 1317 et
172 1260 291 1318 deorum
305 1261 434 1337 figuram.
476 1262 578 1320 Omnis
594 1264 687 1321 cultus
704 1270 733 1321 ct
747 1264 856 1320 curatio
871 1282 970 1340 corpo-

128 1340 168 1398 ris
188 1342 243 1398 erit
263 1341 363 1398 eadem
384 1341 548 1399 adhibenda
571 1342 634 1414 deo,
652 1361 724 1419 quae
748 1342 900 1400 adhibetur
921 1343 970 1399 ho-

128 1421 218 1478 mini:
239 1421 392 1498 ingressus
411 1440 516 1492 cursus,
532 1422 684 1493 accubitio,
699 1421 855 1493 inclinati0,
872 1423 968 1492 sessio,

129 1501 356 1577 comprehensio,
371 1502 408 1559 ad
427 1508 587 1559 extremum
605 1503 693 1559 etiam
712 1521 805 1560 sermo
822 1509 851 1558 et
868 1502 968 1558 oratio.

130 1587 177 1640 95.
193 1581 269 1639 Nam
284 1582 363 1658 quod
377 1588 406 1639 et
419 1600 511 1639 mares
525 1581 595 1640 deos
609 1588 638 1639 et
652 1582 775 1639 feminas
788 1601 849 1638 esse
864 1581 968 1651 dicitis,

129 1661 201 1738 quid
221 1669 356 1740 sequatur
376 1661 488 1719 videtis
530 1661 673 1739 Equidem
696 1662 793 1719 mirari
819 1662 887 1719 satis
912 1680 971 1719 non

128 1761 247 1818 possum
264 1741 342 1799 unde
358 1742 396 1799 ad
412 1742 481 1799 istas
497 1742 648 1818 opiniones
664 1749 757 1799 vester
773 1742 820 1799 ille
837 1743 971 1819 princeps

128 1823 248 1880 venerit.
290 1821 348 1880 Sed
361 1822 482 1880 clamare
496 1841 555 1878 non
572 1821 703 1879 desinitis
719 1822 899 1880 retinendum
915 1823 971 1879 hoc

128 1921 199 1974 esse,
209 1902 279 1959 deus
293 1909 326 1960 ut
340 1902 440 1962 beatus
454 1901 680 1979 immortalisque
695 1903 740 1959 sit.
783 1902 860 1970 Quid
874 1909 971 1960 autem

129 1982 226 2039 obstat
237 2001 294 2059 quo
305 1983 401 2040 minus
414 1982 451 2039 sit
461 1981 570 2053 beatus,
579 1983 603 2039 si
613 2001 671 2039 non
684 1982 721 2039 sit
731 1981 831 2058 bipesl
848 1990 897 2040 aut
907 1984 970 2053 ista,

129 2062 189 2120 sive
206 2062 327 2120 beatitas
347 2063 405 2120 sive
426 2062 576 2120 beatitudo
597 2062 719 2119 dicenda
735 2069 972 2139 est-utrumque

129 2142 249 2200 omnino
266 2143 380 2214 durum,
391 2142 442 2200 sed
461 2161 515 2200 usu
530 2142 687 2200 mollienda
703 2142 786 2199 nobis
799 2142 885 2200 verba
906 2149 973 2199 sunt

128 2241 268 2280 -verum
286 2242 326 2295 ea,
338 2241 534 2300 quaecumque
548 2229 599 2294 est,
612 2241 662 2280 our
678 2229 728 2280 aut
740 2223 771 2279 in
788 2222 878 2280 solem
891 2222 973 2279 illum

128 2309 180 2360 aut
193 2303 223 2359 in
239 2302 317 2360 huuc
332 2303 475 2360 mundum
492 2303 585 2360 autin
602 2301 726 2380 aliquam
743 2309 870 2360 mentem
887 2308 974 2359 aeter-

128 2401 197 2439 nam
211 2381 303 2458 figura
315 2383 507 2459 membrisque
521 2383 649 2459 corporis
663 2401 781 2440 vacuam
798 2382 898 2439 cadere
914 2400 973 2437 non

129 2465 246 2538 potestl
295 2468 341 2520 96.
360 2462 441 2520 Nihil
458 2463 537 2520 aliud
553 2463 625 2520 dicis
641 2463 714 2520 nisi:
736 2462 902 2538 Numquam
913 2460 974 2516 vidi

129 2542 219 2599 solem
235 2548 285 2600 aut
298 2542 439 2600 mundum
454 2542 579 2600 beatum.
623 2541 719 2610 Quidl
739 2541 882 2599 mundum
896 2558 974 2616 prae-

129 2629 174 2679 ter
190 2622 268 2680 hunc
284 2641 459 2700 umquamne
476 2623 595 2696 vidistit
632 2621 766 2698 Negabis.
809 2619 869 2676 Cur
885 2619 974 2695 igitur

129 2721 146 2728 “
155 2721 190 2758 ‘n
207 2710 335 2760 sescenta
349 2703 429 2760 milia
446 2722 506 2760 esse
522 2701 705 2773 mundorum,
719 2700 769 2757 sed
783 2696 975 2756 innumerabi-

183 2802 268 2840 ausus
282 2802 312 2840 es
327 2783 438 2840 diceret
478 2783 564 2840 Ratio
579 2782 685 2839 docuit.
728 2780 806 2855 Ergo
820 2778 876 2834 hoc
890 2785 919 2834 te
933 2795 975 2834 ra-

172 2895 174 2908 ι
191 2882 250 2920 non
267 2862 391 2934 docebit,
404 2881 469 2920 oum
483 2862 727 2939 praestantissima
743 2866 844 2916 natura
861 2875 974 2934 quaera-

172 2962 179 3000 .·
199 2962 288 3020 eaque
304 2943 389 3001 beata
410 2950 439 3000 et
455 2951 577 3011 aeterua,
595 2960 666 3016 quae
683 2939 743 2995 sola
760 2938 857 2995 divina
872 2943 974 2992 natura

172 3029 208 3094 ut,
218 3031 251 3080 ut
262 3021 478 3080 immortalitate
488 3021 635 3077 vincamur
649 3017 684 3074 ab
696 3036 729 3074 ea
742 3023 851 3085 natura,
862 3014 902 3070 sic
916 3013 992 3064 m

168 3103 175 3160 i
190 3103 364 3180 praestantia
379 3101 456 3159 vinci
472 3107 558 3176 atque
578 3103 612 3154 ut
628 3096 725 3166 animi,
737 3096 806 3153 item
828 3113 884 3151 cor

164 3201 193 3240 ru·
205 3183 303 3258 igitur,
316 3201 381 3240 cum
396 3180 497 3237 ceteris
510 3177 595 3235 rebus
607 3176 757 3233 inferiores
771 3176 856 3232 simus
