2220 3432
341 107 409 157 LIB.
423 107 457 168 I.,
470 106 547 157 cuP.
562 107 663 170 11.-V.,
676 105 690 166 §
702 107 775 156 4-11.
963 109 978 156 7

134 211 203 268 darn
221 209 328 287 putavi,
342 209 442 286 magni
458 208 624 265 existimans
640 207 775 265 interesse
792 206 830 264 ad
846 206 933 264 decus
950 215 979 264 et

134 291 173 348 ad
183 290 297 348 laudem
312 289 437 346 civitatis
451 295 567 345 restam
581 307 680 364 graves
691 294 808 364 tamque
822 286 979 363 praeclaras

135 371 246 428 Latinis
261 370 348 428 etiam
362 369 465 426 litteris
480 368 628 426 contineri.
664 374 689 425 8.
708 367 809 444 quue
823 385 870 423 me
884 367 979 424 minus

135 453 264 512 instituti
276 452 333 509 mei
345 451 481 528 paenitet,
493 450 572 527 quod
580 449 665 508 facile
676 449 769 507 sentio
781 468 866 526 quam
875 449 980 506 multo·

136 553 200 590 rum
217 551 276 590 non
293 531 383 589 modo
400 530 537 602 discendi,
550 531 600 588 sed
617 530 703 587 etiam
720 529 863 587 scribendi
884 529 980 586 studia

135 612 350 671 commoverim.
398 610 569 688 Complures
589 610 666 668 enim
687 609 803 668 Graecis
823 609 979 667 institutio-

109 753 112 760 ,
134 693 221 750 nibus
242 692 348 750 eruditi
368 709 409 762 ea,
425 709 498 767 quae
519 690 686 760 didicerant,
702 709 768 747 cum
789 689 900 747 civibus
920 689 979 746 suis

135 773 349 830 communicare
362 790 422 828 non
436 777 578 847 poterant,
589 770 667 846 quod
677 768 734 840 illa,
747 788 819 846 quae
832 789 850 826 a
863 769 979 827 Graecis

135 853 319 929 accepissent,
335 850 437 908 Latine
458 850 516 908 dici
536 868 620 928 posse
644 849 813 908 diffiderent.
862 848 926 917 Quo
947 849 978 906 in

135 951 239 1009 genere
259 939 374 990 tantum
395 931 551 1008 proiecisse
568 930 707 1002 videmur,
719 937 753 988 ut
772 949 790 986 a
809 929 925 987 Graecis
941 949 978 986 ne

135 1012 290 1070 verborum
318 1010 436 1089 quidem
463 1011 547 1087 copia
569 1010 753 1068 vinceremur.
804 1015 830 1068 9.
853 1009 979 1066 Hortata

135 1092 224 1149 ctiam
238 1099 290 1164 est,
301 1100 334 1149 ut
346 1111 393 1150 me
407 1091 444 1149 ad
459 1090 529 1149 haec
543 1090 711 1162 conferrem,
723 1089 813 1147 animi
827 1090 978 1166 aegritudo

135 1173 269 1230 fortunae
290 1191 395 1249 magna
414 1178 444 1229 et
464 1171 544 1248 gravi
565 1178 711 1228 commota
730 1170 842 1241 iniuria,
852 1170 933 1228 cuius
954 1170 978 1226 si

135 1253 274 1311 maiorem
288 1252 413 1330 aliquam
424 1251 595 1310 levationem
607 1251 729 1327 reperire
739 1251 906 1327 potuissem,
918 1269 977 1307 non

135 1333 172 1389 ad
182 1332 256 1391 hanc
267 1332 451 1410 potissimum
462 1331 666 1408 confugissem.
697 1331 740 1388 Ea
750 1349 816 1388 vero
828 1330 890 1407 ipsa
900 1329 978 1388 nulla

135 1413 246 1470 ratione
262 1412 366 1470 melius
381 1412 440 1470 frui
454 1412 545 1489 potui,
559 1430 645 1488 quam
660 1411 683 1467 si
697 1430 744 1467 me
758 1429 816 1466 nou
831 1409 919 1468 modo
940 1410 977 1467 ad

135 1492 272 1570 legendos
292 1492 389 1563 libros,
405 1492 455 1549 sed
480 1492 567 1549 etiam
592 1491 629 1548 ad
649 1497 741 1548 totam
762 1488 977 1566 philosophiam

135 1571 364 1649 pertractandam
380 1571 530 1630 dedissem.
572 1571 681 1630 Omnes
697 1577 794 1627 autem
808 1570 869 1627 eius
882 1576 978 1646 partes

135 1659 221 1730 atque
236 1653 334 1711 omnia
349 1652 479 1710 membra
494 1659 557 1709 tum
574 1651 712 1708 facillime
732 1656 898 1721 noscuntur,
911 1669 977 1708 curn

134 1739 214 1790 totae
230 1732 412 1810 quaestiones
433 1731 584 1789 scribendo
601 1730 787 1808 explicantur.
830 1729 883 1787 Est
899 1730 977 1788 enim

134 1812 310 1871 admirabilis
322 1812 462 1890 quaedam
476 1812 657 1870 continuatio
672 1811 814 1888 seriesque
828 1829 931 1881 rerum,
944 1817 978 1868 ut

134 1893 190 1950 alia
204 1913 238 1951 cx
253 1893 308 1951 alia
324 1913 400 1951 nexa
415 1900 445 1950 et
462 1911 562 1950 omnes
578 1893 653 1950 inter
667 1911 696 1949 se
713 1901 797 1968 aptae
817 1890 978 1968 colligatae-

135 1992 190 2050 que
203 1973 362 2032 videantur.
405 1973 442 2030 V.
487 1979 532 2029 10.
555 1971 723 2041 Quianam
740 1970 889 2048 requirunt
906 1971 977 2047 quid

134 2073 247 2131 quaque
269 2054 306 2111 de
330 2073 360 2110 re
382 2053 439 2130 ipsi
464 2052 629 2124 sentiamus,
647 2051 786 2109 curiosius
807 2051 839 2108 id
865 2051 978 2108 faciunt

134 2153 221 2211 quam
235 2152 349 2192 necesse
363 2143 413 2190 est.
448 2132 516 2190 Non
530 2133 608 2190 enim
622 2139 682 2189 tam
696 2138 826 2188 auctores
836 2131 866 2187 in
881 2130 978 2207 dispu-

133 2214 223 2271 tando
234 2231 320 2290 quam
331 2213 451 2270 rationis
461 2219 609 2270 momenta
619 2210 780 2289 quaerenda
790 2217 865 2270 sunt.
899 2209 977 2279 Quin

133 2294 221 2351 ctiam
238 2293 321 2351 obest
334 2293 503 2370 plerumque
516 2293 561 2363 iis,
572 2293 622 2370 qui
638 2292 746 2348 discere
759 2291 869 2362 volunt,
880 2298 977 2348 aucto·

133 2375 203 2431 ritas
212 2393 319 2445 eorum,
332 2373 383 2450 qui
393 2392 423 2431 se
434 2373 536 2431 docere
546 2371 734 2450 profitentur:
752 2370 888 2428 desinunt
899 2370 976 2428 enim

134 2473 218 2511 suum
238 2452 378 2512 iudicium
400 2453 543 2523 adhibere,
560 2452 591 2509 id
607 2451 715 2509 habent
731 2458 834 2521 ratum,
847 2450 926 2527 quod
940 2451 977 2507 ab

133 2553 176 2605 eo,
190 2553 275 2611 quern
289 2533 421 2611 probant,
433 2533 592 2590 iudicatum
606 2531 714 2589 vident.
756 2530 818 2588 Nec
832 2548 899 2588 vero
913 2549 978 2606 pro·

132 2613 200 2671 bare
217 2614 295 2672 soleo
312 2613 351 2683 id,
364 2613 443 2690 quod
460 2613 496 2671 de
513 2611 705 2689 Pythagoreis
721 2610 891 2687 accepimus,
905 2628 977 2686 quos

132 2695 239 2766 ferunt,
255 2694 279 2750 si
303 2693 373 2770 quid
394 2692 578 2750 adfirmarent
599 2693 629 2748 in
651 2689 835 2769 disputand0,
851 2708 916 2747 cum
942 2707 977 2746 ex

133 2773 168 2830 iis
190 2779 380 2850 quaereretur,
393 2792 449 2850 qua
465 2793 495 2831 rc
512 2774 554 2830 ita
569 2778 651 2841 esset,
663 2769 835 2848 respondere
856 2768 975 2827 solitos:

132 2853 200 2927 Ipse
210 2853 292 2911 dicit.
323 2853 339 2881 “
350 2853 416 2930 Ipse
426 2853 442 2880 ”
454 2860 550 2910 autem
562 2858 622 2910 erat
632 2851 822 2927 Pythagoras.
850 2848 976 2906 Tantum

133 2933 233 3010 opinio
244 2933 439 3010 praeiudicata
451 2938 573 3009 poterat,
585 2938 617 2989 ut
631 2931 719 2988 etiam
734 2929 795 2986 sine
809 2929 920 2986 ratione
931 2947 978 2986 va·

132 3013 204 3071 leret
214 3014 376 3071 auctoritas.
413 3017 458 3070 11.
478 3007 977 3080 Quiautemadmiranturnoshanc

133 3093 317 3170 potissimum
331 3091 512 3170 disciplinam
527 3097 647 3159 secutos,
660 3088 705 3145 his
720 3095 855 3165 quattuor
867 3087 978 3144 Acade-

133 3173 216 3230 micis
232 3172 313 3230 libris
329 3172 398 3230 satis
414 3188 584 3242 responsum
601 3168 722 3225 videtur.
764 3167 825 3224 Nec
842 3185 909 3224 vero
930 3166 977 3222 de·
