2220 3432
118 83 133 129 4
340 79 390 128 Du
407 78 557 128 NATURA
574 78 735 128 DEORUM.

118 181 185 229 Nam
196 179 265 227 illam
274 175 414 240 ἰσονομίαν,
422 176 448 225 id
459 185 504 237 est,
514 177 720 239 aequilibritatem
731 177 840 240 Epicuri,
850 193 907 240 qua,
917 179 961 242 qui

118 256 204 293 norrun
215 243 327 292 mortalis
337 244 377 303 sit,
388 251 415 290 ut
424 243 444 290 is
456 243 532 292 etiam
540 243 687 291 immortalis
699 243 731 290 sit
743 243 805 291 effici
814 253 893 304 putet,
904 260 961 306 per·-

118 311 253 358 ahsurdam
265 323 326 367 esse,
337 308 405 371 quod
422 323 452 356 ea
465 318 564 369 sumpta
580 307 668 368 eodem
682 307 757 356 modo
774 308 856 368 colligi
871 311 958 372 possit,

119 375 178 438 quia
187 375 300 422 homines
311 374 337 421 in
347 383 413 421 terra
423 383 563 434 nascantur,
574 375 649 421 etiam
661 373 686 420 in
698 388 763 436 aqua
774 375 841 422 nasci
853 384 879 424 et
888 375 961 424 huius

118 441 187 488 nrodi
203 439 310 488 absurda
327 439 405 500 plura.
448 440 542 487 Beatus
556 453 614 486 vero
631 454 689 486 cum
706 440 759 486 sine
775 441 866 488 virtute
884 455 961 490 nemo

118 522 172 555 esse
189 506 273 568 possit,
284 505 352 552 nullu
368 514 452 552 autem
470 505 522 552 sine
539 504 636 552 actione
646 504 732 564 virtus,
743 519 775 552 ne
786 505 846 553 deos
860 506 961 568 quidem

118 571 174 620 illos
185 572 277 620 otiosos
289 571 373 618 beatos
386 585 439 618 esse
452 584 532 632 posse,
544 584 605 631 quos
622 583 701 632 neque
713 569 837 632 voluptate
851 573 962 633 corporis

119 638 155 685 uti
167 651 245 698 posse,
256 636 281 683 in
293 650 343 697 qua
354 649 479 682 summum
491 635 582 682 bonum
595 635 716 697 Epicurus
726 644 810 697 ponat,
820 650 899 698 neque
911 651 962 684 una

119 702 211 750 doloris
221 701 343 748 vacuitate
360 710 403 748 aut
419 700 523 748 adsidua
534 699 660 748 felicitatis
675 715 733 748 suae
745 701 893 760 cogitatione
901 702 960 750 bea-

119 779 158 816 tos
172 767 236 815 effici
253 781 331 828 posse,
344 773 370 813 et
386 780 444 812 cum
458 779 555 827 semper
568 765 697 827 pulsentur
709 766 850 814 incursione
866 775 962 814 atomo·

119 847 174 880 rum
184 841 208 880 et
217 833 338 891 imagines
349 847 382 879 ex
390 831 449 891 ipsis
460 845 557 892 semper
568 830 676 891 effluant,
686 845 736 879 non
745 846 815 893 posse
826 847 876 880 non
885 832 963 880 inter-

119 899 182 946 itum
197 897 291 956 timere,
303 897 329 944 id
341 896 408 958 quod
420 895 568 943 beatitudini
581 911 681 958 prorsus
695 897 846 945 contrarium
859 913 912 946 esse
926 897 963 945 ri-

119 963 276 1024 dentur-,cap
288 963 377 1021 37-41,
390 960 404 1019 §
419 962 538 1009 rus-114.
579 961 704 1020 Quoniam
717 977 776 1010 vero
792 963 884 1010 otiosos
901 963 962 1011 deos

119 1028 277 1076 introducant
289 1026 411 1088 Epicurei,
424 1025 517 1073 nullam
534 1041 616 1074 rerum
633 1027 798 1075 humanarum
816 1043 903 1076 curam
917 1029 963 1076 ha-

120 1094 212 1154 bentes,
225 1092 287 1140 nihil
304 1093 415 1138 iuvantes
432 1091 553 1152 homines,
566 1107 665 1140 omnem
683 1093 840 1142 sanctitatem
858 1094 962 1143 deorum

120 1168 145 1208 et
157 1131 285 1206 honiinum
297 1157 414 1204 adversus
428 1171 470 1204 eos
481 1129 558 1218 pietal
559 1171 599 1204 em
601 1173 768 1220 ‚quamquam
779 1159 859 1210 verbis
871 1159 906 1207 illi
918 1175 962 1222 po-

120 1233 189 1284 nant,
201 1238 227 1272 re
238 1232 321 1272 tumen
334 1221 426 1283 tollere,
434 1237 485 1285 cap
497 1223 575 1269 4144
578 1221 611 1286 ,ξ
627 1227 688 1270 115-
693 1226 747 1273 124.

162 1380 184 1438 Ι.
222 1385 247 1437 1.
267 1379 340 1437 Cum
355 1379 463 1436 multae
477 1399 521 1436 rcs
537 1380 565 1436 in
583 1379 767 1457 philosophia
780 1399 962 1458 nequaquam

122 1461 191 1518 satis
211 1459 304 1517 adhuc
326 1460 482 1536 explicatae
503 1461 568 1530 sint,
584 1469 648 1516 turn
665 1459 848 1536 perdifficilis,
860 1460 960 1532 Brute,

123 1541 201 1618 quod
217 1548 250 1597 tu
267 1540 386 1596 minime
403 1541 525 1616 ignoras
539 1547 568 1597 et
584 1540 756 1616 perobscura
773 1542 901 1618 quaestio
919 1549 963 1598 est

122 1623 158 1678 de
182 1627 285 1678 natura
309 1621 437 1691 deorum,
457 1639 528 1696 quae
553 1627 582 1677 et
606 1620 643 1676 ad
670 1621 848 1696 agnitionem
873 1621 963 1678 animi

122 1700 313 1778 pulcherrima
333 1707 376 1756 est
397 1707 426 1756 et
447 1700 484 1756 ad
502 1699 706 1757 moderandam
727 1700 895 1778 religionem
915 1721 963 1759 ne·

123 1780 249 1838 cessaria
301 1779 346 1836 De
368 1799 424 1857 qua
444 1787 504 1836 tam
526 1780 619 1836 variae
642 1788 709 1837 srmt
730 1781 962 1839 doctissimorum

122 1861 274 1918 hominum
288 1865 405 1936 tamque
420 1860 613 1936 discrepantes
631 1861 797 1932 sententiae,
810 1868 843 1919 ut
856 1881 962 1938 magno

123 1946 292 2016 argumento
315 1959 375 1996 esse
398 1939 501 1996 debeat
523 1958 646 2009 eausam,
665 1941 695 1996 id
718 1948 769 2012 est,
787 1942 961 2018 principium

123 2019 323 2097 philosophiae
344 2039 404 2076 esse
425 2019 605 2076 inscientiam
626 2020 837 2098 prudenterque
854 2021 964 2078 Acade-

122 2101 213 2157 micos
228 2120 245 2156 a
258 2099 359 2157 rebus'
353 2100 468 2157 mcertis
477 2099 675 2157 adsensionem
687 2101 855 2159 cohibuisse.
886 2101 963 2170 Quid

123 2187 167 2238 est
187 2179 265 2238 enim
286 2181 430 2237 terrreritat
418 2180 582 2237 tefoedius
603 2189 653 2238 aut
674 2182 777 2258 quidt
778 2201 824 2238 am
846 2188 963 2239 temera-

123 2261 198 2317 rium
223 2268 340 2337 tamque
365 2261 517 2336 indignum
546 2261 657 2338 sapient
659 2262 682 2318 is
710 2262 850 2338 gravitate
877 2269 963 2340 atque

124 2341 264 2398 constant'
258 2359 285 2397 ra
306 2359 391 2417 quam
413 2347 462 2397 aut
450 2339 587 2397 tfalsum
609 2341 712 2398 sentire
734 2349 784 2399 aut
806 2343 884 2435 quod
904 2362 963 2399 non
1042 2416 1045 2422 Ι

124 2428 167 2478 sat
170 2422 192 2477 is
214 2420 342 2497 explora
344 2439 358 2476 e
380 2427 546 2498 perceptum
564 2421 601 2478 stt
617 2428 646 2478 e
663 2422 812 2514 cognitum
829 2423 890 2479 sine
906 2422 964 2480 ulla

124 2501 304 2558 dubitatione
321 2501 495 2558 defendere.
537 2508 563 2559 2.
582 2501 692 2559 Velut
685 2521 714 2558 1n
729 2501 782 2559 hae
798 2503 963 2576 quaestione

123 2581 260 2658 plerique,
272 2581 350 2658 quod
364 2582 488 2639 maxime
503 2582 561 2639 veri
578 2581 670 2638 simile
687 2589 730 2638 est
745 2588 774 2639 et
788 2601 847 2659 quo
864 2602 963 2640 omnes

124 2662 260 2718 ducet
211 2668 260 2718 nat
262 2681 313 2718 ura
326 2661 465 2732 vehimur,
476 2662 544 2719 deos
562 2681 621 2718 esse
636 2661 769 2719 dixerunt
771 2662 920 2734 ,dubitare
935 2682 963 2720 sc

124 2741 196 2798 Prot
184 2749 306 2817 t,agoras
316 2741 410 2799 nullos
431 2761 491 2799 esse
512 2743 630 2799 omnino
651 2741 793 2824 Diagoras
812 2742 964 2800 Meliust
935 2750 964 2800 et

124 2821 294 2878 Theodorus
311 2821 485 2899 Cyrenaicus
501 2830 554 2900 put
555 2829 681 2880 averunt.
730 2817 787 2891 Qui
806 2843 873 2880 vero
894 2823 963 2881 deos

125 2920 185 2958 esse
201 2901 340 2971 dixer,unt
356 2910 438 2960 tanta
451 2911 518 2960 sunt
532 2903 563 2960 in
577 2904 713 2960 varietate
730 2923 762 2960 ac
779 2903 962 2974 dissensione,

124 2988 270 3038 uteorum
285 2983 438 3041 molestum
454 2985 491 3041 sit
504 3002 669 3041 enumerare
684 2985 845 3041 sententiae.
888 2949 963 3041 Narri

125 3069 154 3118 et
176 3061 212 3118 de
234 3061 332 3139 figuris
354 3065 473 3121 deorum
494 3072 523 3122 et
545 3064 581 3121 dc
600 3063 672 3120 locis
694 3071 779 3140 atquc
801 3060 915 3120 sedibus
936 3071 964 3120 ot

125 3142 238 3199 actione
253 3145 327 3201 vitae
342 3145 432 3201 multa
448 3145 590 3214 dicuntur,
603 3144 695 3218 deque
712 3144 757 3199 his
775 3163 886 3200 summa
902 3143 964 3216 phi·
