2242 3436
346 139 415 188 ura.
430 138 463 199 a,
478 137 556 187 car.
571 139 603 199 1,
618 139 665 198 u,
680 137 694 198 s
710 142 762 188 14.
930 142 974 190 ur

135 248 245 300 caretur
256 240 409 298 memoriae
420 239 616 316 prodiderunt.
649 239 712 307 Qua
723 241 751 295 in
765 241 881 297 natione
892 239 975 297 Chal-

135 323 199 380 daei
216 341 275 378 non
297 333 331 378 ex
348 321 425 390 artiS,
441 320 491 377 sed
509 339 543 376 ex
564 319 659 396 gentis
677 319 816 376 vocabulo
832 320 975 378 nominati

135 403 271 460 diuturna
296 400 493 458 observatione
518 399 643 456 siderum
668 400 817 456 scientiam
837 406 976 476 putantur

135 482 271 552 effecisse,
283 489 317 538 ut
333 479 460 556 praedici
476 487 574 557 posset
591 479 662 556 quid
683 480 786 555 cuique
806 487 975 536 eventurum

135 571 165 620 et
188 581 245 638 quo
269 561 389 638 quisque
410 561 472 616 fato
495 565 580 616 natus
600 566 681 617 esset.
724 559 863 616 Eamdem
885 567 975 617 artem

135 643 223 699 etiam
240 640 382 717 Aegyptii
398 640 610 716 longinquitate
631 645 795 716 temporum
816 639 976 696 innumera·

135 721 242 780 bilibus
259 740 349 798 paene
366 720 484 777 saeculis
501 720 648 776 consecuti
664 726 809 796 putantur.
853 719 973 776 Cilicum

136 809 233 860 autem
247 810 277 859 ct
290 800 453 858 Pisidarum
470 818 541 876 gens
555 806 584 856 et
598 800 643 856 his
656 799 780 857 finitima
793 799 974 875 Pamphylia,

137 881 242 959 quibus
261 879 427 938 nationibus
444 879 621 955 praefuimus
638 879 703 956 ipsi,
715 879 859 936 volatibus
880 880 975 936 avium

136 961 324 1037 cantibusque
337 967 369 1016 ut
379 959 545 1017 certissimis
559 959 649 1035 signis
663 959 799 1017 declarari
809 979 854 1017 res
864 959 977 1016 futuras

136 1048 249 1118 putant.
293 1047 318 1097 3.
341 1039 434 1108 Quam
456 1058 522 1096 vero
544 1038 663 1096 Graecia
683 1039 825 1096 coloniam
846 1039 926 1097 misit
946 1040 976 1096 iu

136 1121 278 1191 Aeoliam,
296 1119 416 1190 Ioniam,
428 1119 538 1188 Asiam,
554 1118 689 1190 Siciliam,
705 1118 819 1176 Italiam
841 1119 901 1176 sine
921 1120 978 1196 Py-

136 1201 200 1259 thio
212 1209 261 1258 aut
271 1201 431 1258 Dodonaeo
443 1208 493 1256 aut
503 1199 677 1256 Hammonis
689 1199 821 1256 oraculol
838 1207 888 1256 aut
899 1199 977 1275 quod

136 1281 245 1339 bellum
266 1287 429 1357 susceptum
448 1279 484 1336 ab
501 1298 535 1336 ea
551 1279 612 1336 sine
633 1278 753 1336 consilio
775 1279 894 1336 deorum
916 1281 978 1337 estl

138 1361 176 1419 ΙΙ.
199 1361 260 1419 Nec
277 1380 366 1418 unum
383 1379 474 1437 genus
491 1367 534 1416 est
555 1359 740 1416 divinationis
756 1358 871 1435 publice
888 1360 979 1436 priva·

137 1443 249 1518 timque
264 1439 443 1498 celebratum.
482 1439 566 1511 Nam,
577 1447 610 1496 ut
624 1439 756 1495 omittam
769 1447 877 1496 ceteros
888 1457 979 1516 popu-

137 1522 189 1591 los,
202 1528 299 1578 noster
313 1539 398 1597 quam
413 1519 505 1576 multa
518 1538 623 1597 genera
633 1518 798 1596 complexus
810 1519 869 1576 est!
897 1519 979 1576 Prin·

138 1602 215 1678 cipio
230 1600 315 1658 huius
329 1600 406 1658 urbis
424 1619 525 1676 parens
542 1599 683 1656 Romulus
699 1618 759 1655 non
777 1598 869 1655 solum
887 1600 979 1675 auspi-

138 1690 203 1739 cato
215 1681 314 1738 urbem
329 1680 499 1747 condidisse,
512 1680 562 1738 sed
573 1680 634 1756 ipsc
645 1679 732 1737 etiarn
747 1679 875 1756 optimus
889 1699 979 1756 augur

138 1761 229 1819 fuisse
243 1761 374 1818 traditur.
421 1759 536 1818 Deinde
558 1759 714 1837 auguribus
735 1767 764 1817 et
780 1759 882 1836 reliqui
898 1779 980 1836 reges

138 1842 184 1900 usi
199 1849 228 1899 et
242 1841 348 1898 exactis
362 1840 478 1917 regibus
492 1840 563 1897 nihil
575 1840 690 1916 publice
704 1840 765 1896 sine
779 1840 913 1917 auspiciis
928 1859 980 1897 nce

138 1921 221 1980 domi
241 1941 294 1979 nec
314 1921 434 1978 militiae
455 1920 613 1997 gerebatur.
663 1919 796 1996 Cumque
816 1939 921 1998 magna
937 1921 980 1977 vis

138 2003 284 2060 videretur
300 2020 361 2059 esse
378 2001 453 2058 etin
471 2000 670 2076 impetriendis
687 1999 925 2078 consulendisque
940 2019 981 2058 re·

138 2083 194 2140 bus
211 2083 286 2139 etin
303 2081 440 2138 monstris
456 2080 679 2156 interpretandis
699 2099 732 2136 ac
746 2081 932 2156 procurandis
949 2081 980 2137 in

138 2162 323 2239 haruspicum
338 2160 497 2238 disciplina,
506 2179 622 2217 omnem
633 2160 706 2216 hanc
719 2179 753 2217 ex
765 2160 879 2218 Etruria
893 2160 982 2218 scien·

110 2289 113 2298 .
138 2244 211 2300 tiam
232 2241 417 2310 adhibebant,
427 2259 463 2297 ne
483 2259 574 2316 genus
595 2247 669 2297 esset
688 2239 777 2296 ullum
795 2240 981 2298 divinationis

140 2323 219 2399 quod
240 2321 402 2397 neglectum
423 2319 459 2376 ab
476 2320 512 2376 iis
528 2319 679 2377 videretur.
722 2325 748 2376 4.
767 2319 813 2389 Et,
826 2339 891 2376 cum
912 2320 982 2377 duo·

139 2403 194 2461 bus
210 2401 306 2459 modis
326 2401 415 2457 animi
437 2399 497 2456 sine
517 2399 628 2456 ratione
646 2407 675 2456 et
692 2399 810 2456 scientia
826 2408 909 2456 motu
925 2399 981 2476 ipsi

140 2501 193 2540 suo
208 2481 303 2539 soluto
320 2489 349 2538 ct
365 2480 455 2538 libero
472 2480 667 2549 incitarentur,
679 2498 737 2535 uuo
754 2478 877 2549 furente,
890 2479 981 2536 altero

140 2562 311 2632 somniante,
326 2561 432 2617 furoris
453 2559 662 2617 divinationem
685 2557 834 2634 Sibyllinis
856 2559 981 2617 maxime

140 2641 269 2700 versibus
283 2640 423 2698 contineri
438 2640 576 2709 arbitrati,
589 2657 688 2696 eorum
703 2639 801 2696 decern
813 2639 982 2716 interpretes

140 2722 266 2780 delectos
283 2740 299 2778 e
318 2721 433 2778 civitate
455 2739 515 2777 csse
531 2719 691 2777 voluerunt.
734 2719 778 2775 Ex
800 2737 857 2795 quo
879 2738 982 2796 genere

141 2820 225 2878 saepe
236 2800 410 2858 hariolomm
425 2800 512 2857 etiam
527 2806 556 2856 et
567 2804 665 2856 vatum
676 2798 846 2856 furibundas
857 2799 983 2875 praedic-

139 2882 243 2953 tiones,
253 2887 287 2938 ut
297 2880 454 2939 Octaviano
464 2878 538 2937 bello
550 2878 676 2936 Cornelii
687 2878 816 2950 Culleoli,
828 2879 983 2953 audiendas

140 2968 322 3039 putaverunt.
373 2960 435 3017 Nec
451 2978 518 3017 vero
536 2957 648 3014 somnia
664 2959 802 3034 graviora,
816 2960 839 3015 si
857 2979 929 3035 quae
946 2959 983 3016 ad

141 3061 202 3100 rem
216 3040 362 3118 publicam
379 3041 521 3117 pertinere
535 3038 596 3094 visa
612 3047 687 3108 sunt,
700 3058 717 3094 a
734 3058 847 3095 summo
862 3037 982 3095 consilio

140 3121 273 3198 neglecta
287 3128 362 3177 sunt.
397 3118 473 3187 Quin
486 3119 570 3175 ctiam
583 3118 722 3174 memoria
733 3126 831 3175 nostra
842 3117 982 3194 templum

142 3200 262 3258 Iunonis
273 3199 404 3275 Sospitae
419 3199 449 3257 L.
463 3198 560 3266 Iulius,
572 3197 621 3271 qui
636 3216 701 3253 curn
713 3197 746 3254 P.
757 3198 869 3255 Rutilio
883 3196 981 3254 consul
