2224 3446
261 129 331 178 LIB.
345 129 378 188 L,
392 128 470 177 CAP.
484 128 684 188 LVl.-LVlll.‚
699 127 713 188 ἓ
729 131 850 181 lat-132.
931 131 979 178 193

139 230 279 310 quaedam
293 248 387 287 rerum
398 230 567 287 futurarum.
603 229 719 286 Etenim
730 229 804 288 Ceos
818 231 979 308 accepimns

139 318 235 370 ortum
252 309 405 367 Caniculae
422 309 576 386 diligenter
592 310 746 387 quotannis
763 310 852 367 solere
869 330 978 368 servare

139 393 388 466 coniecturamque
410 396 564 466 caperent
582 389 680 446 scribit
697 389 836 446 Ponticus
853 389 977 446 Heracli·

139 471 198 541 des,
210 469 365 527 salubrisne
380 489 415 526 an
430 469 565 545 pestilens
582 488 673 526 annus
686 469 801 525 futurus
815 469 859 525 sit.
903 469 978 525 Nam

139 552 164 608 si
181 550 328 607 obscurior
344 549 424 626 qnasi
442 549 597 624 caliginosa
614 548 694 605 stella
710 549 859 618 exstiterit,
871 548 978 624 pingue

139 639 168 688 et
183 639 346 686 concretum
362 648 421 686 esse
436 629 553 698 caelum,
566 635 599 685 ut
613 629 673 685 eius
690 629 825 704 aspiratio
840 628 933 704 gravis
950 635 979 684 et

139 710 275 786 pestilens
291 709 390 765 futura
411 709 466 766 sit:
489 709 532 764 sin
550 708 667 766 illustris
688 715 717 764 et
733 707 879 783 perlucida
899 706 980 764 stella

139 789 309 866 apparuerit,
320 787 473 865 significari
484 787 593 845 caelum
608 807 668 844 esse
678 794 764 845 tenue
774 806 936 864 purumque
950 795 980 845 et

139 875 291 947 propterea
311 868 429 926 salubre.
473 873 539 925 131.
561 866 745 925 Democritus
765 875 861 926 autem
883 874 979 924 censet

140 951 282 1026 sapienter
298 948 455 1006 instituisse
472 954 580 1006 veteres
597 957 630 1004 ut
646 947 804 1004 hostiarum
821 946 980 1004 immolata-

139 1049 203 1087 rum
220 1029 428 1105 inspicerentur
444 1034 516 1098 exta‚
529 1047 651 1104 quorum
672 1047 707 1084 ex
724 1027 825 1084 habitu
841 1034 932 1105 atque
944 1046 979 1084 ex

140 1110 311 1166 coloratum
329 1107 585 1179 salubritatiS,t11m
599 1106 779 1184 pestilentiae
796 1108 878 1183 signa
891 1108 980 1185 perci·

140 1189 179 1266 pi,
191 1207 249 1245 non
266 1207 424 1265 numquam
441 1188 536 1259 etiam,
549 1206 621 1264 qnae
638 1187 676 1244 sit
689 1185 733 1243 vel
748 1187 881 1244 sterilitas
897 1206 978 1263 agro-

139 1288 203 1326 rum
218 1268 261 1326 vel
276 1268 410 1325 fertilitas
423 1267 528 1325 futura.
571 1266 649 1335 Quae
664 1266 688 1323 si
702 1285 719 1322 a
736 1273 837 1323 natura
850 1268 979 1344 profecta

140 1349 300 1406 observatio
321 1355 407 1424 atque
424 1366 491 1404 usus
507 1347 633 1423 agnovit,
645 1346 737 1402 multa
753 1346 864 1403 adferre
881 1345 978 1422 potuit

140 1429 209 1500 dies,
222 1447 294 1506 quae
315 1427 567 1484 animadvertendo
588 1432 763 1496 notarentur,
776 1431 809 1482 ut
825 1425 871 1482 ille
891 1425 979 1482 Pacu-

139 1510 240 1566 vianus
254 1509 304 1586 qui
319 1507 348 1564 in
363 1507 472 1584 Chryse
487 1506 624 1583 physicus
638 1505 783 1563 inducitur
797 1505 916 1562 minime
933 1524 980 1561 na·

139 1596 232 1646 turam
247 1607 341 1646 rerum
356 1606 495 1664 cognosse
509 1587 655 1644 videatur:

301 1711 366 1759 Nam
379 1708 440 1768 istie,
450 1708 492 1771 qui
503 1707 614 1768 linguam
627 1706 708 1755 avium
720 1705 873 1767 intellegunt,

236 1775 345 1838 Plusque
357 1789 389 1822 ex
401 1774 481 1822 alieno
493 1774 574 1822 iecore
585 1773 685 1835 sapiunt
695 1787 771 1835 quam
782 1787 815 1820 ex
827 1787 879 1832 sno,

237 1840 320 1900 Magis
331 1839 481 1888 audiendum
493 1853 568 1902 quam
579 1838 768 1886 auscultandum
781 1851 875 1886 censeo.
906 1899 907 1902 Ἴ

138 1949 216 2008 Ourl
237 1969 351 2027 quaeso,
367 1968 433 2006 cum
454 1949 516 2025 ipse
536 1948 635 2026 paucis
655 1947 833 2026 interpositis
853 1945 981 2004 versibus

138 2031 217 2088 dicas
231 2030 299 2088 satis
314 2030 473 2086 luculente:

138 2151 266 2215 Quidquid
277 2159 314 2200 est
325 2151 380 2211 hoc,
391 2150 475 2198 omniu
488 2149 591 2210 animat,
603 2149 702 2210 format,
714 2148 765 2207 alit,
776 2157 859 2209 auget,
869 2154 945 2208 creat,

138 2217 232 2280 Sepelit
242 2216 377 2279 recipitque
388 2215 413 2263 in
426 2229 479 2263 sese
490 2216 581 2274 omnia,
594 2215 754 2276 omniumque
766 2214 831 2263 idem
847 2223 884 2262 est
895 2221 978 2274 pater:

138 2283 302 2396 Indidpmque
310 2282 445 2344 eademque
456 2280 569 2329 oriuntur
581 2279 612 2328 de
623 2280 718 2340 integro
730 2287 805 2341 atque
816 2278 904 2327 eodem
916 2277 981 2330 occi-⁴

222 2359 274 2396 unt.

138 2459 217 2529 Quid
241 2465 284 2516 est
307 2459 397 2535 igitur
421 2475 478 2527 cur,
496 2474 562 2513 cunr
585 2453 689 2510 domus
709 2453 747 2510 sit
768 2452 899 2510 omnimn
923 2471 981 2508 una

139 2558 228 2616 eaque
252 2537 413 2596 communis
438 2553 560 2611 cumque
584 2533 672 2590 animi
693 2531 844 2589 hominum
870 2550 981 2608 semper

138 2620 247 2677 fuerint
271 2618 419 2694 futurique
440 2616 506 2685 sint,
525 2633 575 2671 cur
595 2613 616 2670 ii
638 2612 708 2689 quid
729 2631 763 2669 cx
785 2629 981 2690 qnoqueeve

138 2700 201 2756 niat
217 2706 246 2756 et
263 2697 334 2776 quid
350 2714 493 2774 quamque
509 2713 570 2751 rem
587 2691 729 2766 significet
744 2692 904 2768 perspicere
920 2709 980 2748 non

138 2779 268 2856 possintl
309 2777 389 2834 Haec
410 2774 506 2845 habui,
524 2773 627 2850 inquit,
646 2773 682 2830 de
706 2772 883 2829 divinatione
908 2789 980 2846 quae

139 2859 287 2995 dlelllllll.
331 2941 397 2992 132.
420 2933 504 2991 Nunc
526 2932 574 2990 illa
594 2931 729 3001 testabor,
745 2949 804 2987 non
828 2949 875 2986 me
900 2928 982 2985 sorti-

138 3018 219 3094 legos
239 3034 332 3094 neque
353 3035 410 3084 eos,
424 3014 473 3090 qui
491 3019 624 3090 quaestus
644 3030 728 3068 causa
749 3009 931 3076 hariolentur‚
943 3027 980 3064 ne
1013 3029 1017 3039 ·

138 3096 360 3176 psychomantia
380 3094 505 3171 quidem,
525 3092 629 3170 quibus
649 3091 764 3168 Appius
785 3089 893 3146 amicus
913 3095 980 3144 tuus

139 3179 183 3235 uti
203 3176 322 3246 solebat,
340 3192 501 3248 agnoscere.
544 3172 612 3229 Non
633 3170 725 3228 habeo
750 3170 873 3248 denique
897 3165 980 3224 nauci
