2224 3446
279 131 348 179 LlB.
364 130 409 191 11,
422 128 500 179 CAP.
514 129 695 190 XX.-XXII.,
709 129 723 190 ξ
737 131 827 181 45-49.
928 134 977 181 213

135 238 170 289 tu
191 230 299 288 scilieet
320 230 412 288 mavis
433 230 551 287 numine
571 229 689 288 deorum
708 230 741 287 id
758 231 869 289 factum
891 251 977 308 quam

135 330 204 368 casu
220 310 350 368 arbitrari
367 317 396 367 et
412 310 585 386 redemptor,
599 310 648 386 qui
665 310 828 368 columnam
844 311 923 368 illam
941 312 977 370 de

136 390 224 448 Cotta
237 397 267 447 et
280 390 316 447 de
330 389 477 466 Torquato
492 389 667 447 conduxerat
680 390 849 461 faciendam,
862 411 920 448 non
935 392 978 448 in-

136 471 208 528 ertia
224 476 274 527 aut
289 471 389 546 inopia
404 469 513 526 tardior
529 469 594 541 fuit,
607 470 658 527 sed
674 490 691 526 a
707 470 752 526 dis
766 470 978 528 immortalibus

135 551 173 608 ad
190 551 275 607 istam
291 549 392 606 horam
413 557 571 607 reservatus
591 557 642 608 cst.
684 555 731 608 48.
753 550 820 607 Nou
843 551 976 627 equidem

134 629 220 708 plane
237 630 357 707 despero
373 630 429 687 ista
444 649 506 686 esse
522 649 595 700 vera,
611 629 661 686 sed
678 630 773 687 neseio
790 638 819 688 et
835 631 943 688 discere
960 651 977 688 a

135 720 165 767 te
186 709 260 767 volo.
302 708 378 766 Nam
396 729 461 766 cum
479 709 551 765 mihi
569 709 709 786 quaedam
726 729 792 767 casu
813 711 978 768 viderentur

136 789 177 846 sic
192 789 311 859 evenire,
324 795 357 846 ut
366 789 512 865 praedicta
525 796 619 846 essent
632 808 649 846 a
663 789 865 861 divinantibus,
878 791 976 847 dixisti

134 869 227 925 multa
240 869 276 926 de
290 887 365 939 casu,
377 875 411 926 ut
422 868 579 926 Venerium
594 869 648 926 iaci
662 888 746 945 posse
760 889 825 927 casu
841 877 978 947 quattuor

135 948 201 1004 talis
211 948 302 1019 iactis,
315 947 532 1025 quadringentis
545 955 661 1006 centum
673 948 814 1006 Venerios
823 969 881 1007 non
892 970 978 1027 posse

136 1047 202 1085 casu
227 1027 388 1085 consistere.
431 1028 561 1085 Primum
584 1028 680 1085 neseio
702 1048 752 1085 cur
774 1049 832 1101 non
855 1031 976 1106 possint,

136 1108 259 1165 sednon
273 1125 389 1185 pugno:
411 1107 539 1164 abundas
553 1108 630 1165 enim
644 1107 792 1166 similibus.
835 1109 933 1167 Habes
948 1118 977 1168 et

108 1209 114 1222 ·
135 1187 342 1264 respersionem
362 1187 578 1264 pigmentorum
599 1194 629 1244 et
648 1195 772 1244 rostrum
794 1189 852 1245 suis
873 1198 902 1246 et
923 1189 978 1246 alia

135 1267 285 1344 permulta.
328 1267 410 1324 Idem
427 1267 603 1324 Carneadem
620 1266 727 1343 fingere
744 1267 816 1324 dicis
833 1268 978 1345 decapite

136 1347 259 1404 Panisci.
302 1346 390 1415 Quasi
406 1367 465 1404 non
480 1347 607 1423 potuerit
621 1347 652 1404 id
666 1347 777 1404 evenire
794 1367 859 1404 casu
875 1355 904 1405 et
917 1368 977 1404 non

135 1428 166 1484 in
181 1427 261 1484 omni
275 1446 416 1503 marmore
430 1446 543 1484 necesse
557 1427 595 1484 sit
608 1427 700 1484 inesse
714 1427 758 1484 vel
769 1427 923 1484 Praxitelia
934 1447 978 1485 ca·

136 1508 213 1584 pita!
252 1507 305 1564 Illa
315 1508 391 1564 enim
403 1507 465 1584 ipsa
475 1506 637 1564 efficiuntur
647 1508 831 1577 detractione,
839 1527 891 1564 nec
901 1508 978 1584 quic·

137 1607 222 1665 quam
236 1587 304 1644 illuc
321 1587 449 1644 adfertur
465 1607 482 1644 a
495 1587 646 1658 Praxitele,
659 1587 708 1644 sed
723 1607 788 1644 cum
802 1587 894 1644 multa
910 1596 978 1644 sunt

136 1668 264 1725 detracta
284 1674 313 1724 et
333 1667 370 1724 ad
387 1667 559 1724 lineamenta
579 1668 636 1724 oris
657 1675 826 1744 perventum
847 1675 898 1737 est,
913 1674 976 1724 tum

135 1748 286 1824 intellegas
299 1747 378 1816 illud,
392 1747 470 1824 quod
484 1747 538 1803 iam
556 1747 714 1824 expolitum
729 1748 776 1818 sit,
787 1748 866 1806 intus
876 1748 975 1805 fuisse.

136 1833 183 1886 49.
206 1828 309 1884 Potest
328 1828 418 1903 igitur
437 1827 495 1884 tale
515 1827 624 1904 aliquid
643 1828 730 1885 etiam
752 1847 803 1884 sua
823 1835 925 1905 sponte
946 1829 976 1884 in

135 1908 298 1984 lapicidinis
319 1906 458 1965 Chiorum
475 1907 624 1965 exstitisse.
667 1907 725 1964 Sed
741 1908 779 1965 sit
795 1907 850 1965 hoc
867 1907 975 1965 fictum.

136 1987 232 2056 Quid?
253 1988 283 2043 in
305 1987 429 2044 nubibus
453 2006 611 2063 numquam
635 1987 862 2045 animadvertisti
887 1988 978 2045 leonis

135 2069 260 2125 formam
291 2073 341 2124 aut
368 2066 605 2144 hippocentauril
646 2067 749 2125 Potest
775 2068 873 2145 igitur,
899 2068 978 2145 quod

135 2148 225 2205 modo
239 2146 371 2224 negabas,
384 2147 533 2204 veritatem
548 2165 628 2204 casus
641 2147 756 2205 imitari.

176 2227 276 2285 XXII.
299 2226 357 2284 Sed
371 2227 507 2302 quoniam
524 2227 560 2283 de
576 2227 649 2285 extis
666 2234 696 2284 et
709 2227 745 2284 de
760 2227 922 2304 fulguribus
937 2247 978 2284 sa-

135 2308 174 2364 tis
191 2314 235 2364 est
248 2307 436 2384 disputatum,
449 2313 560 2363 ostenta
574 2313 690 2377 restant,
701 2313 733 2364 ut
747 2313 810 2364 tota
823 2307 978 2384 haruspici·

135 2407 174 2444 na
190 2388 228 2444 sit
244 2394 423 2463 pertractata.
466 2385 561 2443 Mulae
577 2393 676 2462 partus
692 2386 822 2462 prolatus
838 2395 881 2444 est
898 2407 914 2444 a
930 2395 977 2445 te:

135 2487 180 2524 res
193 2467 340 2538 mirabilis,
350 2472 501 2543 propterea
516 2467 583 2542 quia
596 2485 655 2522 non
669 2485 753 2542 saepe
767 2465 809 2537 fit,
821 2466 870 2524 sed
882 2467 906 2523 si
916 2466 977 2524 fieri

136 2566 195 2603 non
212 2547 361 2623 potuisset,
376 2547 454 2603 facta
475 2565 534 2602 non
559 2552 640 2602 esset.
682 2547 781 2622 Atque
801 2546 857 2603 hoc
878 2553 978 2604 eontra

136 2627 234 2683 omnia
247 2633 360 2684 ostenta
373 2627 474 2697 valeat,
485 2644 642 2701 numquam
658 2625 736 2702 quod
750 2623 811 2682 fieri
825 2645 883 2682 non
895 2634 978 2702 potu·

135 2706 190 2763 erit
211 2725 271 2763 esse
291 2707 418 2764 factum:
440 2707 483 2762 sin
501 2706 636 2782 potuerit,
651 2725 710 2762 non
728 2725 788 2763 esse
803 2706 975 2764 mirandum.

136 2785 292 2842 Causarum
310 2786 386 2842 enim
402 2786 544 2862 ignoratio
559 2786 589 2842 in
603 2805 633 2844 re
647 2805 721 2843 nova
737 2787 919 2843 mirationem
936 2787 977 2842 fa-

136 2865 183 2922 cit.
225 2866 333 2923 Eadem
356 2866 500 2942 ignoratio
521 2866 545 2922 si
566 2866 595 2922 in
613 2866 697 2923 rebus
717 2866 830 2923 usitatis
851 2872 902 2937 est,
918 2884 977 2922 non

135 2946 280 3004 miramur.
324 2945 399 3002 Nam
412 2946 460 3023 qui
471 2945 577 3002 mulam
590 2946 732 3023 peperisse
743 2946 870 3017 miratur,
882 2947 907 3003 is
919 2965 977 3022 quo

135 3026 224 3082 modo
245 3045 319 3103 equa
340 3026 431 3101 pariat
448 3033 498 3082 aut
517 3027 635 3083 omnino
657 3045 728 3102 qnae
745 3033 846 3083 natura
862 3033 976 3102 partum

136 3105 291 3163 animantis
301 3105 389 3162 faciat
401 3107 521 3181 ignorat.
561 3105 618 3162 Sed
630 3106 708 3183 quod
718 3105 816 3163 crebro
827 3106 907 3163 videt
917 3125 976 3162 non

136 3185 364 3252 mi1·atur,etiam
379 3186 401 3241 ai
417 3204 467 3242 cur
480 3184 530 3241 fiat
545 3186 642 3243 nescit.
685 3185 769 3254 Quod
785 3193 850 3244 ante
865 3205 923 3244 non
937 3185 975 3242 vi·
