2224 3446
130 125 178 172 262
464 123 513 172 DE
529 122 631 172 FATO.

131 245 190 284 esse
204 232 344 295 naturam,
357 231 389 282 ut
403 225 529 300 pondere
544 231 573 283 et
582 225 721 302 gravitate
735 231 883 283 moveatur
897 245 973 284 eam-

131 325 186 382 que
200 305 292 380 ipsam
307 323 367 361 esse
384 324 496 362 causam
512 324 562 362 cur
574 306 615 363 ita
625 306 740 362 feratur.
783 305 921 364 Similiter
934 307 973 364 ad

131 385 293 441 animorum
309 390 406 441 motus
420 384 595 442 voluntarios
611 404 669 441 non
687 391 730 442 θεῖ
743 385 912 462 requirenda
926 406 974 443 ex-

130 471 212 521 terna
228 482 319 520 causa
362 463 460 520 Motus
476 463 553 520 enim
567 464 744 522 voluntarius
761 484 823 522 eam
839 472 971 522 naturam

131 544 162 600 in
176 543 278 619 seipse
292 543 428 614 continet,
440 550 471 600 ut
482 544 520 599 sit
530 543 560 600 in
571 552 668 600 nostra
678 551 819 620 potestate
831 544 973 620 nobisque

131 629 237 698 parcat,
252 641 304 679 nec
321 622 352 679 id
369 623 429 680 sine
447 642 537 680 causa.
581 629 627 680 26.
650 623 719 680 Eius
736 624 813 680 enim
830 625 871 681 rei
887 643 973 682 causa

131 703 193 778 ipsa
207 709 308 758 natura
322 709 373 758 est.
415 701 500 770 Quod
514 722 579 759 cum
594 704 634 760 ita
649 703 693 772 sit,
707 703 777 780 quid
791 709 834 760 est
848 722 898 760 cur
912 723 973 761 non

132 781 225 838 omnis
235 781 433 856 pronuntiatio
447 789 496 839 aut
510 801 576 840 vera
588 789 637 839 aut
647 782 720 839 falsa
734 783 778 854 sit,
790 783 846 839 nisi
860 801 973 840 conces-

132 861 251 917 serimus
271 860 333 916 fato
354 860 416 918 fieri
437 881 631 938 quaecumque
651 862 739 920 fiantt
780 861 854 930 Quia
873 862 972 920 futura

132 959 204 1010 vera,
217 939 319 1015 inquit,
332 958 389 996 non
404 949 525 1017 possunt
539 961 598 999 esse
613 961 738 1019 eaquae
752 961 850 999 causas
864 961 914 999 cur
927 943 972 999 iu·

131 1027 196 1077 tuna
212 1019 270 1075 sint
286 1038 345 1075 non
361 1019 476 1092 habent,
491 1020 616 1078 habeant
631 1023 720 1098 igitur
740 1041 837 1079 causas
858 1041 972 1079 necesse

132 1106 175 1156 cst
189 1118 229 1170 ca,
243 1118 314 1174 quae
328 1119 393 1157 vera
410 1108 484 1171 sunt,
496 1101 537 1157 ita
551 1120 615 1158 cum
633 1102 786 1173 evenerint,
797 1102 859 1158 fato
874 1121 971 1159 evene

131 1179 197 1236 rint.
239 1178 309 1236 XII.
339 1179 511 1236 Confectum
528 1182 685 1256 negotium,
702 1181 856 1258 siquidem
873 1201 971 1238 conce·

132 1259 259 1315 dandum
275 1258 329 1315 tibi
350 1267 392 1316 cst
409 1267 459 1316 aut
474 1260 537 1316 fato
555 1261 650 1318 omnia
666 1260 727 1318 fieri
747 1268 797 1319 aut
818 1261 970 1338 quicquam

132 1339 193 1395 fieri
203 1358 286 1415 posse
301 1339 361 1396 sinc
375 1359 465 1396 causa
509 1339 554 1396 27.
573 1339 621 1396 An
636 1340 717 1398 aliter
726 1340 796 1398 haec
810 1341 970 1398 enuntiatio

133 1438 198 1474 vera
218 1438 277 1475 esse
298 1438 356 1475 non
378 1426 474 1494 potest
492 1418 619 1496 “Capiet
636 1419 822 1477 Numantiam
844 1420 969 1497 Scipio‚'’

132 1498 233 1554 nisiex
247 1498 413 1554 aeternitate
427 1517 511 1555 causa
524 1518 637 1556 causam
652 1519 745 1556 serens
756 1500 811 1558 hoc
825 1501 878 1557 erit
889 1502 971 1558 effec-

131 1579 213 1634 tutat
253 1577 301 1634 An
316 1577 370 1634 hoc
384 1578 488 1634 falsum
502 1579 643 1654 potuisset
657 1599 724 1650 θεεθ,
737 1581 761 1636 si
775 1588 848 1637 esset
865 1599 971 1638 sescen-

132 1657 169 1713 tis
186 1656 303 1713 saeculis
320 1665 385 1714 ante
400 1657 527 1715 dictum?
568 1659 613 1729 Et,
627 1659 650 1715 si
664 1666 726 1716 tum
743 1679 801 1716 non
818 1666 892 1717 essct
906 1679 971 1716 vera

132 1736 201 1792 haec
216 1737 374 1794 enuntiatio
390 1737 519 1814 “Capiet
533 1737 718 1796 Numantiam
734 1738 859 1816 Scipi0,''
873 1759 909 1796 ne
923 1739 971 1796 illa

133 1817 249 1892 quidem
266 1836 361 1874 eversa
377 1837 443 1874 vera
459 1825 501 1874 est
518 1817 588 1875 haec
606 1819 765 1876 enuntiatio
783 1819 895 1896 “Cepit
912 1818 971 1876 Nu-

131 1897 269 1952 mantiam
291 1896 415 1974 Scipio.’'
457 1897 558 1954 Potest
579 1899 668 1973 igitur
688 1899 840 1976 quicquam
860 1900 970 1956 factum

132 1976 290 2051 essequod
305 1995 363 2032 nou
378 1996 475 2034 verum
489 1977 577 2034 fuerit
591 1980 721 2035 futurum
736 1980 814 2036 esset
848 1978 922 2035 Nam
937 1987 972 2036 ut

132 2055 283 2131 praeterita
297 2074 330 2111 ea
340 2075 405 2112 vera
415 2055 544 2127 dicimus,
555 2076 676 2134 quorum
688 2059 830 2135 superiore
841 2066 971 2135 tempore

133 2154 197 2192 vera
213 2134 301 2191 fuerit
317 2135 461 2206 instantia,
474 2137 513 2194 sic
528 2137 633 2208 futura,
646 2156 767 2215 quorum
785 2139 971 2215 consequenti

132 2221 261 2292 tempore
270 2233 335 2271 vera
346 2215 399 2272 erit
409 2215 554 2288 instantia,
564 2237 597 2274 ea
606 2237 671 2275 vera
680 2218 814 2276 dicemus,
847 2224 893 2276 28.
909 2217 971 2275 Nec

132 2295 156 2351 si
168 2314 253 2352 omne
264 2295 443 2353 enuntiatum
459 2304 508 2353 aut
522 2316 619 2354 verum
634 2305 684 2355 aut
697 2296 802 2355 falsum
816 2307 866 2369 est,
880 2298 972 2374 sequi-

132 2381 179 2431 tur
188 2375 263 2432 illico
273 2395 332 2432 esse
343 2395 440 2433 causas
449 2376 640 2434 immutabiles
651 2397 753 2455 easque
762 2386 889 2436 aeternas
898 2397 971 2455 quae

132 2454 302 2530 prohibeant
316 2457 467 2533 quicquam
483 2476 562 2514 secus
577 2457 676 2514 cadere
687 2467 771 2534 atque
782 2477 910 2515 casumm
923 2457 969 2514 sit.

133 2534 277 2592 Fortuitae
295 2542 360 2592 sunt
374 2555 473 2592 causae
491 2556 562 2612 quae
578 2536 701 2594 efficiant
715 2544 748 2594 ut
761 2557 825 2595 vere
839 2537 972 2596 dicantur

134 2632 205 2688 quae
216 2615 257 2670 ita
270 2614 400 2671 dicentur
415 2615 431 2642 “
441 2615 547 2674 Veniet
557 2617 588 2672 in
603 2624 732 2674 senatum
744 2616 844 2690 Cat0‚’'
856 2637 915 2674 non
929 2617 972 2673 in·

133 2691 225 2748 clusae
238 2693 267 2748 in
283 2712 376 2748 rerum
390 2702 491 2751 natura
504 2702 589 2773 atque
603 2697 720 2754 mundo.
754 2697 792 2754 Et
803 2704 899 2754 tamen
909 2704 971 2754 tam

133 2776 176 2824 est
192 2770 369 2828 immutabile
386 2781 544 2845 venturum,
561 2795 626 2832 cum
644 2783 686 2832 est
700 2796 806 2848 verum,
823 2796 908 2854 quam
924 2796 971 2833 ve-

133 2847 214 2916 nisse,
230 2867 282 2904 nec
300 2850 411 2906 obeam
430 2872 540 2909 causam
557 2855 650 2912 fatum
667 2864 718 2912 aut
733 2858 885 2914 necessitas
901 2857 971 2913 exti-

132 2926 283 2982 mescenda
304 2934 353 2984 cst.
395 2929 509 2987 Etenim
531 2934 585 2989 erit
606 2933 735 2992 confiteri
755 2955 885 2994 necesse:
912 2936 970 2993 “Si

129 2991 202 3057 haec
219 3006 377 3062 enuntiatio
392 3009 514 3066 ‘Veniet
528 3011 558 3067 in
572 3011 765 3071 Tusculanum
779 3015 970 3073 Hortensius’

133 3093 197 3132 vera
217 3099 275 3136 non
297 3091 347 3152 est,
370 3088 496 3160 sequitui·
517 3097 549 3146 ut
568 3091 641 3148 falsa
665 3092 729 3150 sit.'’
771 3094 901 3163 Quorum
922 3095 970 3156 isti

132 3162 264 3213 neutrum
279 3161 394 3217 volunt:
412 3166 490 3236 quod
504 3167 565 3224 ficri
578 3189 637 3226 nou
651 3179 755 3245 potest.
