2224 3446
338 137 415 187 cnr.
430 137 641 201 xus-xvur,
657 137 772 198 §eona
931 144 979 191 aar

137 238 214 296 enirn
232 244 340 296 veteres
354 237 404 310 illi,
418 237 522 314 quibus
536 239 633 296 omnia
646 239 709 297 lato
723 239 785 298 lieri
798 241 976 314 videbantur,

135 319 165 375 vi
185 317 258 376 effici
275 327 304 376 et
320 319 487 376 necessitate
509 318 649 377 dicebant.
694 319 751 388 Qui
767 327 863 378 autem
880 322 916 379 ab
933 322 978 379 his

136 397 351 469 dissentiebant,
366 399 429 455 fato
445 398 628 456 adsensiones
645 400 803 458 liberabant
823 401 978 478 negabant-

136 498 191 555 que
209 479 251 535 fat
223 484 271 535 ato
288 478 505 536 adsensionibus
522 478 652 537 adhibito
669 481 868 537 necessitatem
882 481 917 538 ab
931 482 978 538 his

135 577 219 634 posse
236 558 383 629 removeri,
395 558 473 635 iique
487 559 497 615 i
499 565 528 615 ta
499 558 734 617 tdisscrebant:
757 560 788 616 Si
803 561 900 618 omnia
914 562 976 618 fato

134 637 208 694 liunt
196 639 326 708 t,omnia
339 636 414 694 fiunt
430 657 515 730 causa
528 645 578 695 ant
566 639 749 697 tteeceden
685 646 771 711 εε,ῖ
784 641 807 696 si
822 641 975 732 appetitus,

134 717 183 775 illa
197 720 292 810 etiam,
306 737 377 796 quae
391 718 553 809 appetitum
568 727 732 794 sequuntur,
745 739 813 797 ergo
828 722 914 777 etiam
929 722 977 778 ad-

134 799 287 855 sensiones.
330 798 413 868 Αῖ,’
392 817 416 854 ει
431 816 515 854 causa
528 806 673 889 appetitus
687 819 746 856 non
760 806 804 857 est
818 800 893 857 sita'
885 820 916 857 ιιι
927 821 977 858 no-

133 877 187 948 bis,
199 897 235 935 ne
250 877 311 954 ipse
326 877 442 954 quidem
454 896 527 954 appe
529 879 599 934 titus
614 879 701 935 estin
716 887 782 937 nost
783 899 813 936 ra
819 886 974 1018 potestate.

134 957 258 1025 Quod'
237 977 260 1014 ιι
275 958 315 1015 ita
332 963 383 1029 est,
398 977 434 1014 ne
451 957 500 1014 illa
517 956 642 1034 quidem,
656 977 727 1034 quae
745 967 842 1036 appeti
844 967 876 1018 tu
844 960 977 1019 teffioi-

133 1045 229 1108 untur,
248 1044 315 1094 sunt
335 1038 390 1094 sita
410 1038 440 1094 in
461 1037 553 1094 nobis.
598 1037 665 1094 Non
687 1040 782 1095 sunt
774 1040 864 1115 igitur
882 1060 975 1117 neque

133 1117 317 1174 adsensiones
333 1137 425 1196 neque
443 1117 569 1175 actiones
582 1117 613 1174 in
627 1137 680 1174 nos
682 1124 726 1175 tra
739 1126 888 1194 potestate.
931 1121 975 1177 Ex

134 1216 191 1274 qno
209 1195 330 1255 efficitur
345 1204 378 1255 ut
394 1217 447 1255 nec
461 1197 664 1256 laudationes'
656 1205 713 1255 rust
715 1217 747 1256 ac
765 1199 822 1255 sint
836 1219 888 1257 nec
903 1201 975 1257 vitu-

133 1285 213 1354 perat
214 1277 294 1335 iones
316 1297 369 1335 nec
390 1277 514 1335 honores
536 1297 589 1335 nec
612 1277 759 1354 supplicia.
802 1277 888 1348 Quod
909 1299 974 1337 cum

132 1357 268 1414 vitiosum
284 1358 329 1428 sit,
339 1357 526 1434 probabiliter
539 1357 738 1416 concludit
686 1378 725 1436 pu
726 1364 790 1416 tant
803 1378 862 1416 non
878 1361 975 1417 omnia

132 1436 194 1494 fato
209 1436 270 1494 fieri
285 1457 479 1514 quaecumque
493 1437 571 1496 fiant.

173 1517 285 1575 XVIII.
329 1523 376 1575 41.
397 1517 577 1595 Chrysippus
591 1525 687 1576 autem
702 1538 767 1576 eum
783 1524 812 1576 et
825 1519 974 1577 necessita·

131 1603 190 1654 ῖειιι
205 1597 381 1674 improbaret
395 1604 424 1655 et
438 1597 510 1654 nihil
525 1598 609 1656 vellet
624 1600 684 1656 sine
698 1599 868 1676 praepositis
882 1601 974 1657 causis

132 1677 252 1748 evenire,
268 1696 416 1735 causarum
433 1697 537 1754 genera
553 1679 611 1737 dist
599 1679 714 1755 t,inguit
730 1687 763 1737 ut
780 1686 809 1737 et
825 1679 964 1739 necessita
948 1700 974 1738 a·

131 1765 189 1815 tem
207 1758 328 1835 effugiat
342 1764 371 1814 et
384 1759 505 1815 retincat
518 1759 620 1817 fatum
663 1758 819 1816 Causarum
834 1761 919 1832 enim,
932 1761 974 1817 in·

131 1837 202 1914 quit,
219 1838 290 1895 aliae
311 1845 378 1895 sunt
398 1838 542 1914 perfectae
563 1845 592 1896 et
608 1839 788 1924 principales,
804 1839 874 1897 aliae
895 1841 973 1898 adiu·

130 1924 199 1974 vant
201 1937 230 1975 es
252 1924 282 1975 ot
304 1918 458 1995 proximae.
501 1917 593 1986 Quam
617 1918 654 1975 ob
677 1938 737 1976 rem
760 1939 825 1976 cum
850 1920 972 1977 dicimus

131 1999 228 2054 omnia
241 1998 285 2055 fat
273 2005 303 2056 to
318 1997 379 2055 fieri
393 1997 484 2054 causis
498 1998 740 2070 antecedentibus,
752 2018 811 2055 non
825 1998 881 2056 hoc
892 2000 973 2057 intel-

130 2077 187 2154 legi
211 2078 351 2149 volumus,
367 2078 458 2135 causis
482 2077 617 2154 perfectis
642 2086 671 2136 et
692 2079 906 2155 principalibus,
922 2079 972 2137 sed

130 2158 221 2215 causis
235 2158 436 2216 adiuvantibus
447 2157 680 2216 antecedentibus
692 2166 721 2215 et
731 2159 878 2236 proximis.
917 2159 972 2216 Ita·

130 2257 185 2314 que
202 2237 244 2294 illi
257 2239 370 2309 rationi,
384 2256 469 2314 quam
484 2237 570 2313 paulo
587 2245 653 2294 ante
670 2239 804 2308 conclusi,
818 2239 857 2296 sic
875 2258 972 2296 occur·

129 2319 183 2374 rit:
206 2317 237 2374 si
255 2318 353 2375 omnia
368 2318 430 2374 fato
447 2317 525 2386 fiant,
542 2317 622 2393 sequi
639 2316 710 2374 illud
727 2318 852 2395 quidem,
865 2326 898 2376 ut
913 2339 972 2376 om-

128 2397 177 2454 nia
193 2398 284 2455 causis
301 2397 371 2454 fiant
388 2395 565 2474 antepositis,
579 2415 676 2453 verum
691 2416 750 2454 non
765 2398 971 2475 principalibus

129 2478 220 2534 causis
248 2485 277 2535 et
301 2477 444 2554 perfectis,
465 2476 515 2533 sed
543 2476 745 2534 adiuvantibus
769 2484 798 2535 et
821 2479 968 2556 proximis.

128 2556 207 2624 Quae
222 2557 246 2614 si
260 2558 338 2634 ipsae
352 2576 410 2614 non
423 2557 480 2613 sint
493 2557 524 2612 in
537 2562 635 2613 nostra
645 2564 796 2633 potestate,
809 2577 868 2615 non
880 2561 971 2635 sequi-

128 2643 175 2693 tur
195 2643 281 2694 utne
301 2637 447 2714 appetitus
468 2635 584 2713 quidem
602 2637 640 2693 sit
656 2637 687 2692 in
703 2644 801 2695 nostra
817 2644 968 2715 potestate.

128 2716 170 2773 At
186 2716 241 2774 hoc
263 2723 434 2794 sequeretur,
451 2716 474 2772 si
492 2716 589 2773 omnia
605 2717 742 2793 perfectis
763 2725 792 2775 et
808 2718 971 2794 principali-

126 2795 181 2853 bus
204 2797 295 2854 causis
317 2796 378 2853 fieri
400 2796 567 2868 diceremus,
582 2803 624 2866 ut,
640 2816 705 2854 eum
723 2797 776 2854 hae
794 2816 893 2856 causae
910 2817 968 2856 non

127 2878 239 2934 essent
232 2897 261 2933 ιιι
276 2883 342 2934 nost
343 2895 374 2932 ra
387 2883 538 2953 potestate,
550 2895 587 2933 ne
601 2877 648 2934 ille
663 2878 780 2970 quidem
791 2878 886 2934 esset
879 2896 909 2934 ιιι
919 2897 969 2934 no-

127 2963 185 3014 stra
198 2977 237 3034 po
239 2963 349 3015 tteesta.
393 2961 439 3013 42.
463 2956 556 3024 Quam
574 2956 611 3013 ob
625 2975 686 3013 rem
702 2958 757 3049 qui·
764 2958 788 3014 it
789 2977 806 3014 a
776 2958 935 3015 tfatum
927 2977 969 3013 ιιι-

126 3037 291 3109 troducunt,
306 3045 340 3094 ut
356 3036 494 3094 necessita
495 3042 554 3092 tem
571 3035 779 3112 adiungant,1n
797 3057 847 3094 eos
863 3037 969 3095 valebit

126 3117 176 3174 illa
191 3117 344 3175 conclusio
387 3115 444 3184 Qui
461 3121 556 3172 autem
574 3133 672 3172 causas
688 3117 857 3174 antecedent
845 3124 888 3174 ets
909 3137 967 3174 non

126 3197 223 3255 dicent
211 3198 347 3275 tpterIeo
349 3217 378 3254 as
395 3215 487 3276 neque
504 3195 704 3278 principales,
696 3216 726 3254 ιιι
744 3216 793 3258 eos
810 3197 881 3261 nihil
896 3197 968 3256 vale·
