2224 3446
132 100 180 147 216
393 97 443 145 Dn
459 89 709 146 Divlnnrlonn.

131 196 310 255 rinolebant.
353 198 465 255 XXVI.
488 197 551 254 Iam
564 216 632 254 vero
649 197 812 254 coniectura
826 199 928 269 omnis,
940 199 970 256 in

133 297 189 354 qua
199 277 301 335 nititur
315 277 463 348 divinati0,
473 277 596 354 ingeniis
609 277 761 334 hominum
775 277 805 333 in
819 277 925 334 multas
938 296 972 334 ac

132 359 256 414 diversas
272 364 322 414 ant
339 357 425 414 etiam
441 357 596 414 contrarias
610 363 705 434 partes
719 375 802 433 saepe
816 356 970 415 diducitur.

132 437 176 495 Ut
190 437 266 494 enim
281 437 310 493 in
326 437 417 493 causis
431 436 612 494 iudicialibus
626 436 681 493 alia
694 437 857 493 coniectura
871 443 915 493 est
928 455 973 493 ac-

132 517 277 586 cusatoris
289 516 345 574 alia
358 516 525 586 defensoris,
538 523 567 573 et
580 522 677 573 tamon
692 517 839 592 utriusque
854 515 973 573 credibi-

132 597 174 668 lis,
190 598 273 654 sicin
289 595 423 654 omnibus
437 596 472 652 iis
485 595 578 666 rebus,
594 615 666 672 quae
681 596 844 653 coniectura
857 595 974 653 investi-

131 677 193 753 gari
209 677 350 747 videntur,
363 695 467 752 anceps
483 677 624 752 reperitur
640 676 740 732 oratio.
783 673 860 743 Quas
874 682 972 732 autem

131 777 175 813 res
198 763 260 813 turn
285 762 394 827 natura,
409 764 472 814 tum
495 774 576 812 casus
596 755 789 814 adfert—non
813 773 972 831 numquam

132 837 218 893 etiarn
235 855 357 893 errorem
374 843 451 893 creat
467 835 773 912 similitudo-magua
789 835 911 892 stultitia
927 843 973 892 est

131 935 228 972 carum
252 935 347 973 rerum
371 916 440 973 deos
464 917 557 973 facere
582 915 738 985 effectores
754 933 853 972 causas
877 934 972 971 rerum

131 1015 189 1052 non
207 1015 347 1072 quaerere.
391 1001 437 1053 56.
459 995 504 1053 Tu
521 1002 599 1052 vates
615 994 755 1052 Boeotios
775 994 867 1052 credis
884 993 973 1051 Leba-

131 1076 195 1132 diae
211 1075 315 1132 vidisse
332 1094 366 1132 ex
383 1075 522 1152 gallorum
540 1075 763 1152 gallinaceorum
780 1081 865 1131 cautu
883 1075 973 1131 victo-

130 1157 200 1212 riam
219 1175 279 1212 esse
295 1155 505 1226 Thebanorum,
518 1157 586 1232 quia
602 1155 669 1232 galli
687 1154 755 1211 victi
771 1154 853 1211 silere
867 1154 970 1225 solent,

131 1255 229 1292 canere
254 1236 382 1292 victores.
425 1235 492 1292 Hoc
512 1235 602 1310 igitur
624 1253 676 1311 per
699 1233 818 1310 gallinas
840 1233 973 1310 Iuppiter

130 1323 226 1373 tantae
254 1315 339 1373 civita
340 1315 497 1391 tisignum
520 1315 623 1372 dabatl
663 1314 711 1370 An
732 1313 797 1371 illae
818 1333 891 1384 aves,
914 1314 971 1372 nisi

131 1415 195 1453 cnm
212 1396 461 1466 vicerunt,cane1e
474 1414 533 1451 non
548 1394 657 1452 solent?
697 1394 816 1450 Attum
831 1392 972 1451 cauebant

130 1494 182 1532 nuc
197 1476 329 1532 vicerant.
368 1474 402 1532 Id
418 1493 494 1532 emrn
506 1482 549 1531 es
550 1474 689 1551 ,inquies
702 1480 855 1531 ostentum.
891 1473 972 1549 Mag-

130 1574 199 1611 num
220 1574 294 1625 vero,
311 1555 391 1631 quasi
405 1555 504 1630 pisces,
519 1573 578 1610 non
594 1553 661 1630 galli
679 1554 841 1611 cecinerint.
884 1552 970 1622 Quod

130 1642 226 1691 autem
247 1642 290 1692 est
312 1642 427 1710 ternpus
451 1653 508 1712 quo
530 1634 571 1690 illi
588 1653 647 1690 non
664 1653 716 1690 can
717 1640 780 1691 tent
796 1633 839 1690 vel
857 1642 971 1690 noetur-

130 1734 200 1770 num
221 1714 265 1771 vel
286 1714 439 1771 diummnl
480 1713 607 1782 Quod·
586 1734 611 1770 ει
630 1713 752 1770 victores
773 1713 919 1770 alacritate
940 1721 971 1770 et

131 1795 211 1870 quasi
232 1794 340 1851 laetitia
360 1795 397 1851 ad
418 1794 577 1851 canendum
599 1793 766 1864 excitantur,
783 1793 879 1870 potuit
899 1792 971 1850 auci·

130 1874 204 1930 disse
225 1873 280 1931 alia
301 1892 414 1950 quoque
431 1873 540 1930 laetitia
560 1893 617 1951 qua
637 1873 674 1930 ad
690 1880 806 1930 cantum
823 1891 971 1930 moveren-

129 1960 184 2010 tur.
228 1954 273 2010 57.
291 1953 475 2010 Democritus
490 1953 605 2030 quidem
620 1953 739 2030 optimis
752 1952 845 2010 verbis
855 1971 970 2010 causam

130 2032 253 2110 explicat
267 2039 396 2090 curante
410 2033 502 2090 lucem
516 2033 584 2110 galli
594 2039 705 2090 canant.
747 2032 877 2110 Depulso
892 2033 970 2089 enim

130 2113 165 2170 de
182 2120 297 2189 pectore
318 2113 393 2170 etin
415 2131 500 2170 omne
521 2132 625 2189 corpus
641 2112 734 2170 diviso
754 2119 784 2170 et
804 2111 970 2170 modificato

130 2192 194 2250 cibo
212 2199 311 2250 cantus
328 2192 411 2250 edere
426 2193 521 2268 quiete
535 2193 670 2250 satiatos:
692 2193 742 2270 qui
757 2192 874 2270 quidem
889 2192 971 2249 silen-

129 2273 172 2330 tio
186 2273 287 2345 noctis,
300 2280 333 2330 ut
349 2272 390 2330 ait
403 2271 522 2343 Ennius,

455 2399 539 2446 lavent
551 2399 662 2446 faucibus
675 2398 750 2446 russis

335 2464 416 2514 Contu
428 2462 564 2526 plausuque
576 2474 690 2526 premunt
701 2464 761 2511 ulus.

130 2590 204 2648 Cum
218 2589 307 2666 igitur
320 2591 376 2648 hoc
393 2590 497 2647 animal
512 2597 572 2647 tam
587 2590 625 2646 sit
641 2609 777 2647 canorum
792 2609 843 2647 sua
857 2597 970 2667 sponte,

131 2670 201 2746 quid
217 2670 247 2726 in
264 2677 390 2727 mentem
407 2670 486 2727 venit
507 2669 675 2728 Callistheni
691 2670 871 2727 diceredeos
887 2670 972 2745 gallis

130 2750 244 2824 signum
258 2750 370 2807 dedisse
384 2749 526 2818 cantandi,
538 2769 604 2806 cum
619 2749 649 2806 id
663 2749 768 2806 velt
719 2756 768 2806 nat
769 2768 819 2806 ura
833 2749 876 2806 vel
888 2769 972 2807 casus

130 2828 239 2886 efficere
262 2837 315 2906 pot
316 2830 421 2887 uissetl
468 2829 596 2886 XXVII.
640 2835 685 2886 58
709 2828 883 2905 Sanguinem
908 2829 972 2906 plu-

130 2908 185 2964 isse
206 2909 316 2966 senatui
338 2909 501 2965 nuntiatum
522 2915 573 2978 est,
588 2907 674 2965 Att
618 2915 674 2965 ttra
676 2927 724 2965 urn
746 2910 831 2966 etiam
849 2908 970 2966 fluvium

130 2986 244 3044 fluxisse
261 2988 406 3079 sanguine,
422 2988 541 3044 deorum
558 2953 673 3044 sudasse
690 2988 847 3046 simulacra
889 2988 971 3046 Num

131 3084 228 3123 censes
238 3066 284 3123 his
292 3074 365 3124 nunt
366 3068 401 3123 iis
353 3066 530 3124 tThalem
541 3074 591 3123 aut
600 3065 803 3144 Anaxagoram
812 3075 862 3126 aut
873 3087 971 3146 qu-em

131 3162 217 3221 quam
231 3145 382 3223 physicum
399 3146 574 3203 crediturum
591 3146 699 3203 fuissel
739 3146 800 3208 Nec
815 3148 892 3205 enim
908 3167 971 3205 san-
