2220 3432
114 97 144 144 12
334 95 384 144 DE
400 95 550 146 NATURA
566 95 727 146 DEORUM.

112 213 206 254 carere
227 195 376 272 pot-nisset.
419 202 465 254 23.
481 197 530 258 An
551 196 629 269 haec,
646 205 680 254 ut
699 199 761 256 fere
782 198 886 271 dicitis,
901 199 953 257 bo-

113 276 224 333 minum
239 295 322 333 causa
336 276 418 334 adeo
433 277 590 334 constituta
604 279 690 335 suntl
726 277 951 355 Sapientnmnel

112 364 231 433 propter
247 375 354 432 paucos
374 375 441 433 ergo
459 365 540 414 tanta
560 365 603 414 est
619 358 697 415 facta
716 377 810 415 rernm
828 359 950 418 molitio,

113 436 161 492 An
183 436 355 494 stultorum?
395 437 437 494 At
454 437 580 514 primum
599 457 684 495 cansa
699 457 757 494 non
774 439 832 496 fuit
848 459 899 497 cur
915 441 952 497 dc

112 515 252 592 improbis
262 515 335 574 bene
345 525 516 574 mereretur:
534 516 637 574 deinde
653 517 777 594 quidest
791 518 950 592 adsecutus

112 615 178 653 oum
196 615 296 654 omnes
312 596 393 654 stulti
407 597 465 654 siut
479 597 540 654 sine
551 596 639 655 dubio
654 598 814 670 miserrimi,
826 600 952 658 maxime

96 676 193 752 -quod
207 675 287 734 stulti
309 677 546 734 sunt—miserius
567 677 643 734 enirn
661 677 784 735 stultitia
800 679 870 756 quid
886 699 952 756 pos·

113 775 211 813 snmus
235 756 516 826 diceret-deinde,
537 757 615 834 quod
639 757 681 814 ita
703 758 795 816 multa
819 766 886 816 sunt
909 760 952 816 in·

112 835 265 893 commoda
275 835 305 892 in
316 836 382 906 vita,
393 843 426 893 ut
439 856 474 894 ea
487 837 629 914 sapientes
642 838 861 910 commodorum
875 858 951 897 com·

112 915 280 992 pensatione
302 915 418 988 leniant,
436 916 517 974 stulti
538 937 591 975 nec
610 917 701 976 vitare
722 919 866 976 venientia
886 938 952 996 pos-

114 997 171 1053 sint
185 1015 237 1052 nec
251 997 326 1053 ferre
339 997 505 1073 praesentia.
541 997 579 1055 X.
603 995 659 1066 Qui
673 1017 740 1055 vero
754 999 894 1056 mundum
909 1000 952 1077 ip·

112 1095 176 1133 sum
197 1075 372 1134 animantem
398 1077 612 1155 sapientemque
633 1097 693 1136 esse
714 1078 856 1150 dixerunt,
870 1079 952 1136 nullo

112 1155 200 1213 modo
217 1155 351 1214 viderunt
372 1157 461 1214 animi
479 1164 581 1214 natura
600 1157 794 1234 intellegentis
814 1159 844 1214 in
864 1179 950 1237 quam

29 1309 31 1313 ι
112 1233 232 1312 figuram
247 1236 346 1294 cadero
357 1243 470 1314 posset:
492 1237 596 1314 dequo
609 1237 700 1294 dicam
717 1238 850 1314 equidem
864 1239 952 1316 paulo

112 1323 186 1392 post.
230 1322 276 1375 24.
292 1316 321 1373 N
323 1335 377 1374 uno
397 1324 494 1374 autem
510 1317 649 1375 haetenus
668 1317 831 1376 admirabor
850 1338 951 1376 eorum

112 1396 285 1466 tarditatem,
302 1397 352 1474 qui
371 1397 545 1454 animantem
562 1397 754 1457 immortalem
774 1407 803 1457 et
827 1399 949 1456 eundem

112 1476 228 1534 beatum
245 1477 400 1534 rotundum
419 1497 479 1534 esse
495 1477 593 1550 velint,
609 1477 687 1556 quod
704 1497 737 1536 ea
753 1478 848 1535 forma
863 1486 951 1554 neget

112 1556 197 1614 ullam
214 1577 274 1614 esse
288 1557 478 1634 pulchriorem
493 1557 586 1615 Plato.
627 1558 670 1614 At
683 1557 756 1614 mihi
769 1558 814 1615 vel
828 1558 952 1635 cylindri

112 1636 156 1694 rel
172 1637 303 1713 quadrati
317 1637 361 1695 vel
378 1638 444 1694 coni
457 1637 502 1694 vel
515 1638 675 1714 pyramidis
687 1638 803 1695 videtur
818 1658 878 1696 esse
894 1640 952 1695 for-

112 1718 227 1774 mosior.
270 1717 349 1786 Quae
363 1736 431 1774 vero
444 1717 504 1774 vita
519 1717 656 1774 tribuitur
671 1719 720 1774 isti
737 1719 862 1776 rotundo
879 1719 952 1776 deol

113 1796 225 1874 Nempe
241 1803 324 1854 ntea
340 1796 483 1854 celeritate
499 1804 728 1874 contorqueatur,
744 1798 790 1854 cni
807 1817 858 1874 par
874 1798 953 1855 nulla

112 1896 149 1934 uo
162 1876 282 1954 cogitari
298 1876 413 1953 quidem
428 1877 536 1952 possit:
553 1877 652 1955 inqua
665 1878 818 1934 nonrideo
832 1877 952 1935 ubinam

112 1976 194 2014 mens
207 1963 340 2013 constans
355 1963 384 2013 et
397 1957 457 2014 vita
469 1956 554 2014 beata
569 1958 662 2033 possit
674 1958 812 2015 insistere.
855 1957 953 2027 Quod-

113 2056 168 2114 que
185 2037 215 2093 in
232 2043 330 2094 nostro
347 2055 474 2112 corpore,
490 2037 514 2093 si
531 2037 652 2094 minima
670 2057 705 2094 ox
721 2045 802 2114 parte
816 2037 830 2114 l
845 2037 953 2114 signifi-

113 2124 201 2187 cetur,
217 2117 370 2174 molestum
385 2117 431 2187 sit,
443 2136 493 2174 our
505 2116 561 2174 hoc
575 2117 652 2174 idem
666 2137 725 2174 uon
739 2117 878 2175 habeatur
891 2137 952 2190 rno-

113 2197 216 2254 lestum
230 2197 261 2253 in
276 2197 349 2254 deol
389 2195 477 2254 Terra
487 2197 563 2254 enim
574 2197 715 2274 profecto,
725 2198 859 2274 quoniam
870 2217 953 2254 mun-

114 2277 144 2334 di
160 2295 225 2354 pars
242 2283 293 2346 est,
308 2295 374 2354 pars
390 2284 433 2334 est
450 2276 537 2334 etiam
551 2277 606 2334 dei.
647 2277 741 2354 Atqui
757 2285 847 2335 terrae
863 2279 954 2334 maxi-

113 2377 175 2414 mas
195 2357 327 2434 regiones
346 2356 548 2414 inhabitabiles
567 2364 653 2434 atque
674 2356 795 2414 incultas
811 2357 952 2429 videmus,

115 2437 192 2515 quod
209 2457 274 2515 pars
291 2456 386 2494 earum
404 2437 526 2514 appulsu
546 2436 614 2493 solis
634 2437 777 2508 exarserit,
792 2456 859 2514 pars
879 2437 954 2494 obri-

114 2517 209 2594 guerit
238 2517 303 2575 nive
330 2517 488 2595 pruinaque
516 2516 675 2594 longinquo
705 2515 773 2573 solis
803 2516 952 2575 abscessu:

115 2617 196 2674 quae,
214 2598 238 2655 si
261 2598 388 2654 mundus
412 2605 455 2654 est
477 2596 555 2666 deuS,
571 2597 707 2674 qnoniam
731 2597 834 2654 mundi
857 2604 954 2674 partes

115 2685 190 2750 sunt,
201 2678 248 2736 dei
258 2677 387 2735 membra
396 2677 501 2754 partim
517 2676 653 2749 ardentia,
666 2677 771 2753 partim
786 2677 955 2754 refrigerata

115 2757 237 2816 dicenda
250 2766 324 2815 sunt.

156 2844 203 2895 25.
224 2837 323 2914 Atque
346 2837 416 2894 haec
441 2836 556 2913 quidem
581 2842 682 2907 restra,
704 2834 803 2893 Lucili.
851 2834 955 2904 Qualia

116 2938 184 2975 vero
198 2916 253 2974 alia
267 2918 325 2974 sint
338 2917 375 2974 ab
388 2916 491 2975 ultimo
508 2923 634 2994 repetam
652 2916 838 2991 superiorum.
880 2915 955 2972 Tha-

116 2997 157 3055 les
171 2997 248 3055 enim
263 2996 399 3067 Milesius
415 2997 465 3073 qui
479 2997 588 3074 primus
602 2997 638 3053 de
652 2995 756 3052 talibus
772 2995 856 3052 rebus
871 3013 954 3070 quac-

117 3078 190 3148 sivit,
206 3095 308 3153 aquam
326 3077 400 3134 dixit
416 3096 475 3134 esse
495 3077 611 3134 initium
632 3095 734 3145 rerum,
750 3075 836 3132 deum
857 3085 952 3131 autern

117 3177 180 3216 eam
197 3164 332 3229 mentem,
348 3176 420 3232 quae
439 3176 473 3215 ox
494 3176 568 3234 aqua
588 3162 690 3214 cuncta
705 3154 833 3231 fingeret.
874 3153 905 3211 si
920 3153 951 3211 di
