2220 3432
273 132 342 182 LlB.
357 132 390 194 1.‚
402 131 479 182 CAP.
496 131 702 200 XX.-xx11.,§
717 133 805 182 53-60.
930 133 962 181 23

121 252 207 312 quarn
222 251 279 310 qua
292 253 321 290 re
336 233 449 290 falsum.
485 232 577 309 quue
591 252 657 290 cum
672 251 755 308 saepe
768 239 840 302 tum,
853 251 918 289 cum
933 239 962 290 te

120 314 250 372 audirem
261 312 347 389 paulo
362 321 436 382 ante,
445 313 576 390 contigit.
608 312 705 389 Roges
715 331 762 370 me
774 311 886 389 qualem
897 312 963 369 deo-

120 413 186 450 rum
200 401 332 450 naturam
347 412 407 450 esse
421 393 533 464 ducam,
544 393 617 450 nihil
627 393 749 450 fortasse
763 391 960 469 respondeam.
1049 445 1052 451 .

120 473 246 542 Quaeras
267 480 405 551 putemne
422 473 510 531 talem
534 493 602 542 esse,
612 472 703 550 qualis
723 472 812 530 modo
835 491 852 529 a
873 479 902 529 te
925 472 963 529 sit

32 581 34 584 >
120 554 259 630 exposita,
269 553 342 609 nihil
359 553 454 610 dicam
474 553 547 610 mihi
564 553 654 610 videri
671 553 774 610 minus.
817 551 876 609 Sed
896 559 962 608 aute

120 653 209 710 quam
229 633 379 710 aggrediar
399 633 436 690 ad
452 653 493 703 ea,
509 652 581 709 quae
598 652 615 688 a
631 639 660 689 te
677 632 823 709 disputata
839 638 914 702 sunt,
926 631 963 689 de

120 721 150 770 te
165 714 228 789 ipso
243 713 337 770 dicam
352 713 423 789 quid
437 713 566 770 sentiam.
610 718 655 769 58.
675 711 766 789 Saepe
780 711 857 768 euim
872 711 908 768 de
922 711 964 768 fa·

121 793 225 850 miliari
240 792 289 849 illo
306 799 358 850 tuo
372 793 471 850 videor
487 793 607 863 audisse,
620 811 686 849 cum
702 801 731 849 te
748 792 855 868 togatis
872 791 963 848 omni-

121 872 175 930 bus
190 873 250 930 sine
264 872 352 930 dubio
367 873 521 930 anteferret
534 879 564 930 et
576 891 683 949 paucos
697 880 792 929 tecum
807 871 963 948 Epicureos

121 972 137 1009 e
151 953 269 1010 Graecia
283 960 469 1029 compararet,
482 952 539 1023 sed,
553 952 630 1029 quod
647 952 683 1010 ab
697 972 731 1009 eo
745 959 775 1009 te
789 951 908 1008 mirifice
922 951 963 1008 di·

121 1033 172 1109 ligi
197 1032 407 1109 intellegebam,
423 1032 580 1090 arbitrabar
599 1032 681 1089 illum
702 1038 820 1109 propter
841 1031 963 1088 benevo-

121 1112 239 1169 lentiam
261 1112 375 1191 uberius
396 1113 427 1169 id
448 1112 549 1170 dicere.
592 1112 656 1189 Ego
677 1121 782 1183 autem,
794 1112 849 1169 etsi
864 1130 963 1168 vereor

121 1192 235 1249 laudare
256 1199 443 1268 praesentem,
455 1193 552 1250 iudico
568 1199 665 1250 tamen
686 1193 722 1250 de
739 1211 768 1250 re
786 1191 906 1249 obscura
922 1199 963 1248 at·

122 1291 177 1348 que
191 1271 299 1329 difficili
316 1292 334 1328 a
349 1278 378 1329 te
395 1272 505 1330 dictum
522 1291 582 1330 esse
599 1273 732 1343 dilucide,
742 1291 835 1349 neque
852 1278 963 1329 senten-

121 1353 170 1410 tiis
191 1352 284 1410 solum
305 1353 428 1428 copiose,
445 1353 495 1409 sed
511 1353 605 1410 verbis
626 1353 713 1409 etiam
731 1352 858 1409 ornatius
876 1370 962 1427 quam

121 1432 214 1489 solent
225 1433 319 1489 vestri.
350 1438 396 1489 59.
414 1431 567 1502 Zenonem,
576 1437 662 1510 'quem
675 1431 760 1489 Philo
775 1437 873 1488 nostor
883 1448 963 1505 cory-

120 1511 245 1588 phaeum
260 1511 402 1588 appellare
412 1512 619 1588 Epicureorum
634 1510 751 1582 solebat,
761 1529 827 1568 cum
838 1508 962 1567 Athenis

121 1611 220 1663 essem,
233 1591 384 1649 audiebam
400 1592 566 1669 frequenter
582 1598 611 1649 et
628 1591 745 1668 quidem
762 1591 826 1668 ipso
848 1595 962 1647 auctore

120 1671 245 1729 Philone
265 1671 358 1742 credo,
371 1680 403 1729 ut
420 1672 533 1729 facilius
549 1672 705 1730 iudicarem
722 1690 808 1748 quam
825 1669 873 1727 illa
889 1668 962 1726 bene

120 1751 324 1822 refellerentur,
337 1771 403 1809 cum
424 1771 441 1808 a
460 1753 590 1830 principe
611 1752 818 1829 Epicureorum
841 1750 962 1826 accepis·

121 1851 181 1889 sem
203 1851 289 1908 quem
309 1832 346 1888 ad
366 1832 486 1889 modum
507 1833 675 1890 dicerentur.
719 1831 786 1889 Non
803 1831 892 1908 igitur
905 1829 960 1900 ille,

120 1919 155 1969 ut
168 1911 304 1989 plerique,
317 1911 368 1968 sed
384 1912 441 1968 istc
457 1913 554 1982 mode,
567 1920 599 1969 ut
615 1920 656 1983 tu,
668 1910 812 1983 distincte,
828 1910 960 1988 graviter,

121 1999 228 2049 ornate.
263 1991 321 2050 Sed
335 1992 413 2068 quod
427 1992 456 2048 in
471 1991 520 2048 illo
535 1992 607 2049 mihi
622 2012 674 2048 usu
688 2011 772 2068 saepe
786 1991 872 2060 venit,
884 1989 962 2048 idem

122 2072 218 2143 mode,
231 2089 296 2129 cum
310 2079 340 2128 te
354 2072 490 2140 audirem,
506 2072 661 2142 accidebat,
677 2079 710 2129 ut
723 2071 843 2128 moleste
857 2071 962 2127 ferrem

121 2158 236 2208 tantum
256 2151 521 2226 ingenium-bona
541 2153 624 2209 venia
644 2171 691 2209 me
712 2151 880 2209 audies—in
901 2157 960 2206 tam

121 2230 205 2300 leves,
220 2250 256 2288 ne
277 2231 374 2302 dicam,
388 2233 418 2288 in
435 2239 494 2288 tarn
512 2233 631 2309 ineptas,
644 2232 799 2288 sententias
819 2229 961 2288 incidisse.

122 2317 169 2367 60.
188 2311 248 2368 Nec
263 2330 317 2387 ego
331 2330 407 2368 nuuc
422 2311 483 2388 ipsc
499 2311 608 2388 aliquid
624 2312 753 2368 adferam
766 2310 876 2368 melius.
918 2308 963 2367 Ut

121 2390 199 2448 enim
210 2390 298 2448 modo
313 2391 381 2461 dixi,
392 2391 525 2449 omnibus
538 2393 599 2450 fere
609 2391 640 2448 in
654 2391 738 2448 rebus
752 2397 781 2448 et
794 2390 919 2446 maxime
932 2389 963 2445 iu

120 2469 250 2548 physicis
264 2471 334 2548 quid
354 2490 413 2528 non
430 2471 469 2528 sit
485 2472 570 2529 citius
586 2489 672 2548 quam
690 2470 760 2547 quid
777 2470 815 2527 sit
831 2469 961 2526 dixerim.

120 2549 221 2607 XXII.
239 2550 335 2627 Roges
357 2569 403 2608 me
426 2550 496 2628 quid
517 2559 567 2608 aut
589 2551 671 2628 quale
694 2551 732 2607 sit
754 2551 832 2620 deuS,
848 2557 963 2606 auctore

120 2637 187 2687 utar
207 2629 364 2700 Simonide,
381 2630 416 2688 de
437 2650 580 2708 quocum
602 2630 786 2707 quaesivisset
808 2629 863 2686 hoc
885 2628 962 2684 idem

121 2716 261 2786 tyrannus
282 2711 381 2780 Hiero,
393 2710 569 2768 deliberandi
590 2711 645 2767 sibi
664 2729 756 2767 uuum
772 2709 850 2766 diem
866 2714 964 2784 postu-

122 2788 200 2847 lavit.
243 2790 317 2847 Cum
331 2790 409 2847 idem
424 2811 458 2848 ex
473 2810 507 2848 eo
521 2790 660 2868 postridie
676 2795 830 2866 quaereret,
842 2787 963 2845 biduum
1064 2797 1065 2802 ’

121 2870 233 2945 petivit.
276 2870 350 2927 Cum
373 2871 484 2947 saepius
501 2871 660 2948 duplicaret
681 2888 831 2927 numerum
852 2868 963 2925 dicrum

123 2949 324 3026 admiransque
339 2949 429 3008 Hiero
446 2950 602 3026 requireret
618 2969 668 3006 cur
681 2949 723 3006 ita
736 2949 859 3006 faceret:
889 2946 964 3014 Quia

124 3035 232 3106 quanto
249 3029 358 3087 diutius
379 3030 537 3099 considere,
554 3029 658 3105 iuquit,
672 3034 755 3085 tanto
771 3027 844 3084 mihi
865 3045 909 3083 res
925 3026 964 3082 vi-

123 3107 207 3166 detur
216 3109 368 3167 obscurior.
398 3109 456 3168 Sed
466 3108 644 3166 Simonidem
656 3107 875 3164 arbitror-non
887 3105 964 3163 enim

123 3195 213 3264 poeta
236 3190 329 3247 solum
351 3190 452 3260 suavis,
468 3207 566 3245 verum
588 3188 675 3244 etiam
696 3187 841 3262 ceteroqui
862 3186 964 3242 doctus
