2242 3436
134 90 181 136 102
353 86 402 135 ΒΕ
419 87 569 137 NATURA
586 87 748 138 DEORUM.

133 187 275 246 niensium
292 187 640 264 Lacedaemoniorumque
657 207 741 245 causa
756 188 915 264 putandum
933 196 978 247 est

132 268 263 325 conditas
277 287 346 339 esse,
358 268 520 344 omniaque,
533 286 604 344 quae
619 268 677 324 sint
691 269 721 324 in
735 267 781 324 his
795 267 920 340 urbibus,
931 289 979 327 55-

132 367 196 406 rnm
210 347 383 424 populorum
397 355 474 404 recte
491 367 550 404 esse
568 348 710 420 dicuntur,
724 347 763 404 sic
781 367 977 426 quaecumque

133 429 243 486 suntin
258 428 338 484 omni
352 427 463 484 mundo
477 427 596 484 deornm
611 434 697 504 atque
711 426 862 484 hominum
875 436 977 504 putan-

132 507 169 566 da
190 514 264 566 sunt.
309 513 375 565 155.
398 507 460 564 Iam
481 527 548 564 vero
570 507 736 564 circumitus
758 507 826 564 solis
846 516 875 564 et
893 508 977 565 lunae

132 588 363 665 reliquorumque
381 586 515 656 siderum,
528 605 702 663 quamquam
719 587 805 643 etiam
824 587 976 644 edmundi

132 667 343 736 cohaerentiam
358 667 512 742 pertinent,
522 673 619 723 tamen
634 673 663 724 et
678 666 870 743 spectaculum
885 666 977 724 homi·

131 747 216 803 nibus
230 745 385 822 praebent:
407 744 486 802 nulla
503 753 546 802 est
560 746 637 803 enirn
652 745 842 803 insatiabilior
858 747 975 823 species,

61 819 63 825 ’
131 825 210 882 55115
220 824 365 901 pulchrior
376 831 405 881 et
416 825 452 882 51
461 824 601 882 rationem
614 825 825 902 sollertiamque
834 833 978 902 praestan-

131 905 205 962 tior:
227 923 326 962 eorum
348 905 425 961 enlm
447 924 545 962 cursus
562 905 694 962 dimetati
711 905 890 962 maturitates
906 912 978 962 tern-

131 1003 235 1061 porum
265 990 295 1040 51
324 983 476 1041 varietates
504 985 736 1061 mutationesque
767 985 976 1061 cognovimus:

132 1083 204 1141 quae
225 1063 250 1120 si
266 1062 433 1121 hominibus
455 1063 522 1121 solis
543 1071 613 1121 nota
629 1071 704 1136 sunt,
719 1063 869 1120 hominum
892 1083 978 1122 eausa

131 1143 209 1200 facta
231 1162 291 1202 5555
316 1143 502 1201 iudicandum
527 1151 577 1202 551.
622 1149 688 1202 156.
714 1143 801 1201 Terra
824 1163 892 1202 vero
915 1145 978 1202 feta

131 1223 264 1300 frugibus
278 1231 308 1281 51
321 1223 399 1280 vario
415 1222 593 1300 leguminum
608 1243 720 1300 genere,
731 1243 803 1300 quae
820 1243 885 1280 cum
900 1243 978 1280 max-

131 1304 190 1361 ima
204 1304 334 1380 largitate
350 1303 457 1373 fundit,
470 1323 504 1360 ea
517 1303 680 1360 ferarumne
695 1322 730 1360 an
748 1302 898 1360 hominnm
913 1322 978 1359 cau-

132 1403 163 1440 sa
175 1384 293 1461 gignere
311 1384 441 1441 videtur?
482 1382 560 1451 Quid
574 1382 610 1440 de
626 1382 733 1440 vitibus
750 1382 917 1459 olivetisque
935 1381 978 1438 di·

132 1465 213 1521 caml
238 1483 357 1540 quarum
382 1463 519 1522 uberrimi
541 1462 745 1539 laetissimiquc
768 1463 879 1520 fructus
903 1461 976 1518 nihil

132 1543 252 1600 omuino
273 1543 310 1600 51
327 1543 432 1600 bestias
449 1544 602 1619 pertinent.
645 1542 747 1619 Neque
768 1542 843 1599 enirn
864 1540 976 1598 serendi

131 1642 224 1700 neque
239 1623 351 1680 colendi
363 1643 415 1680 uec
426 1623 596 1700 tempestive
610 1621 774 1680 demetendi
785 1620 974 1698 percipiendi-

133 1722 188 1779 que
204 1703 316 1759 fructus
333 1721 426 1779 neque
443 1702 586 1760 condendi
601 1721 633 1759 ac
650 1701 807 1778 reponendi
821 1701 878 1758 ulla
891 1720 976 1777 pecu-

132 1783 202 1839 dum
214 1782 333 1840 scientia
347 1789 390 1839 551
406 1801 559 1859 earumque
573 1781 704 1839 omnium
718 1801 812 1838 rerum
823 1780 973 1838 hominurn

133 1869 219 1920 estet
233 1881 301 1920 5555
317 1868 347 1919 51
364 1881 437 1920 cura.
480 1861 589 1918 LXIII.
615 1861 680 1918 157.
698 1860 742 1919 Ut
756 1861 827 1918 fides
841 1861 928 1937 igitur
945 1868 975 1918 et

132 1942 218 2000 tibias
235 1962 334 2000 eorum
352 1961 436 1999 55555
452 1941 544 1998 factas
561 1940 714 1998 dicendum
732 1948 782 2011 551,
795 1941 844 2018 qui
858 1941 913 1998 illis
930 1942 974 1998 uti

132 2029 257 2101 possent,
274 2022 313 2079 sic
335 2041 376 2093 ea,
393 2041 464 2099 qnae
486 2021 619 2092 diximus,
635 2021 670 2078 115
692 2020 763 2079 55115
779 2020 973 2092 confitendum

133 2110 176 2160 551
197 2122 257 2160 5555
274 2108 380 2178 parata,
393 2102 443 2180 qni
463 2108 593 2171 utuntur,
605 2120 657 2158 nec
674 2101 698 2158 si
715 2120 786 2177 quae
802 2100 909 2159 bestiae
930 2101 975 2158 fu-

132 2190 231 2240 rantur
244 2182 354 2260 aliquid
368 2183 448 2240 exiis
462 2189 512 2240 551
523 2181 647 2258 rapiunt,
658 2181 767 2238 illarum
784 2200 896 2258 quoque
910 2201 974 2239 cau·

133 2283 164 2320 55
180 2282 212 2320 55
226 2270 293 2320 5515
307 2282 367 2320 5555
381 2263 516 2320 dicemus.
560 2261 662 2338 Neque
678 2261 754 2318 enim
769 2261 899 2318 homines
912 2281 974 2319 rnu-

131 2362 196 2400 rnm
213 2350 262 2400 ant
275 2343 461 2400 formicarum
479 2361 563 2400 causa
579 2341 759 2398 frumentum
775 2341 910 2414 condunt,
923 2342 973 2400 sed

132 2423 288 2498 coniugum
305 2429 335 2479 51
349 2421 502 2479 liberorum
520 2428 549 2479 et
563 2421 738 2479 familiarum
755 2441 876 2480 suarum.
918 2421 974 2479 Ita-

133 2520 188 2578 que
207 2501 315 2559 bestiae
336 2501 446 2569 furtim,
461 2508 494 2558 51
513 2501 860 2573 dixi,fruuntur,d01nini
878 2502 971 2579 palam

132 2588 162 2638 et
182 2580 276 2638 libere.
321 2586 386 2637 158.
410 2580 571 2638 Hominum
592 2581 681 2658 igitur
705 2601 789 2639 cansa
810 2601 858 2639 555
879 2602 973 2640 rerum

133 2660 229 2736 copias
257 2666 435 2736 comparatas
462 2659 614 2718 fatendum
642 2668 692 2732 est,
711 2662 767 2719 5151
791 2662 866 2720 forte
893 2669 975 2720 tauta

133 2738 247 2795 ubertas
268 2739 387 2795 varietas
404 2757 557 2814 pomorum
579 2759 734 2818 eorumque
755 2742 896 2800 iucundus
914 2762 974 2800 non

133 2824 265 2892 gustatus
280 2816 380 2887 solum,
391 2817 441 2874 sed
454 2819 590 2876 odoratus
605 2821 691 2877 etiam
705 2827 735 2878 51
748 2829 880 2899 aspectus
894 2821 975 2880 dnbi-

133 2896 273 2952 tationem
294 2896 388 2954 adfert
405 2897 474 2974 quin
491 2897 657 2956 hominibus
674 2899 741 2956 solis
759 2921 792 2958 55
808 2909 909 2959 natura
925 2901 976 2960 do-

133 2973 251 3031 naverit.
293 2974 475 3054 Tantumque
492 2978 572 3035 abest
586 2985 619 3035 ut
632 2978 702 3035 haec
716 2979 872 3038 bestiarum
887 2982 975 3039 etiam

134 3071 219 3114 causa
238 3060 336 3129 parata
356 3056 421 3126 sint,
436 3065 470 3114 ut
489 3057 566 3134 ipsas
585 3056 691 3114 bestias
711 3057 862 3117 hominnm
883 3062 977 3137 gratia

135 3139 282 3207 generatas
297 3153 357 3192 csse
374 3135 529 3195 videamus.
572 3135 649 3204 Quid
663 3137 740 3193 enim
755 3158 821 3196 oves
835 3140 914 3198 alind
927 3141 976 3199 ad·
