2220 3432
282 100 350 148 LlB.
367 100 414 160 ΙΙ.,
432 100 511 149 CAP.
526 99 824 161 X111.-xv.‚§3642.
941 104 973 151 61

121 219 168 257 ne
179 199 275 257 virtus
303 199 420 267 Quanto
429 200 518 277 igitur
526 201 555 257 in
566 200 675 257 mundo
684 201 812 259 facilius!
842 201 895 259 Est
905 221 974 278 ergo

119 280 163 336 -in
178 299 212 336 eo
224 279 330 336 virtus:
352 280 465 356 sapiens
479 287 523 337 est
536 280 625 356 igitur
638 287 668 337 et
682 290 833 357 propterea
847 281 924 338 deus.

180 359 248 418 XV.
270 358 369 436 Atque
389 359 443 416 hac
463 361 567 417 mundi
587 360 737 417 divinitate
758 355 907 438 perspecta
926 362 974 418 tri·

132 439 246 496 buenda
260 446 304 496 est
317 433 458 496 sideribus
471 439 572 497 eadem
587 439 730 510 divinitas,
743 459 815 517 quae
833 460 867 497 ex
884 441 975 498 mobi-

131 518 240 576 lissima
254 519 462 596 purissimaque
477 519 599 578 aetheris
612 521 871 597 partegiguuntur,
882 539 974 597 neque

131 598 189 656 ulla
202 606 349 676 praeterea
363 607 430 656 sunt
443 599 574 656 admixta
586 608 688 658 natura
700 608 819 677 totaque
834 607 900 658 sunt
910 601 975 658 eali-

130 679 169 736 da
186 687 272 756 atque
288 679 442 757 perlucida,
458 686 491 737 ut
508 699 542 736 ea
562 699 677 757 quoque
697 681 854 738 rectissime
871 687 901 738 et
916 681 974 738 ani·

131 760 241 816 mantia
250 779 311 817 esse
322 766 351 817 et
361 760 467 817 sentire
477 766 564 837 atque
574 759 739 838 intellegere
750 760 889 818 dicantur.
925 766 972 818 40.

131 838 231 916 Atque
251 859 285 896 ea
305 840 422 915 quidem
440 846 503 897 tota
519 859 580 897 esse
596 840 681 916 ignea
698 840 821 897 duorum
839 859 973 898 sensuum
1037 897 1042 906 ,

130 920 299 977 testimonio
314 918 476 977 confirmari
489 919 642 977 Cleanthes
656 927 748 997 putat,
758 927 852 978 tactus
865 927 894 978 et
909 939 974 978 ocu-

131 999 234 1056 lorum.
276 999 352 1056 Nam
369 999 437 1056 solis
454 1006 483 1058 et
497 999 605 1057 candor
619 999 757 1058 illustrior
773 1007 816 1057 est
830 1019 916 1078 quam
933 1000 974 1056 ul·

130 1079 187 1136 lius
200 1079 284 1155 ignia,
297 1079 404 1157 quippe
419 1080 469 1157 qui
482 1080 624 1138 immenso
637 1080 748 1138 mundo
762 1086 822 1138 tam
836 1080 922 1158 longe
935 1080 974 1137 la-

129 1167 218 1235 teque
234 1159 381 1231 colluceat,
397 1167 427 1218 et
443 1160 468 1216 is
485 1160 546 1217 eius
562 1166 655 1218 tactus
669 1167 721 1231 est,
736 1179 796 1217 non
816 1167 850 1217 ut
865 1160 974 1237 tepefa-

129 1239 190 1296 ciat
200 1239 301 1309 solum,
312 1239 363 1296 sed
373 1239 460 1296 etiam
472 1258 556 1316 saepe
567 1239 725 1297 comburat.
763 1239 892 1308 Quorum
906 1259 972 1296 neu·

130 1326 209 1376 trum
220 1319 335 1388 faceret,
345 1319 401 1376 nisi
415 1326 490 1376 esset
500 1320 609 1396 igneus.
647 1318 764 1395 “Ergo”
776 1320 872 1396 inquit
884 1319 973 1376 “cum

129 1399 174 1456 sol
192 1399 293 1476 igneus
310 1399 348 1456 sit
364 1399 529 1476 Oceanique
545 1399 637 1456 alatur
657 1398 813 1470 umoribus,
830 1399 897 1475 quia
913 1398 973 1455 nul-

130 1479 176 1536 lus
190 1479 266 1556 ignis
280 1479 342 1536 sine
356 1486 439 1554 pastu
457 1479 553 1556 aliquo
567 1479 660 1555 possit
673 1497 847 1554 permanere,
859 1497 973 1535 necesse

129 1566 239 1616 estant
256 1558 283 1616 ei
296 1558 398 1616 similis
415 1559 453 1616 sit
467 1559 536 1635 igni,
550 1577 634 1635 quem
652 1557 821 1615 adhibemus
838 1557 875 1614 ad
888 1577 973 1615 usum
1018 1581 1020 1586 ’

130 1647 219 1716 atque
235 1638 273 1696 ad
289 1639 406 1709 victum,
419 1647 469 1696 aut
486 1639 520 1709 ei,
533 1639 583 1715 qui
599 1637 767 1715 corporibus
783 1638 972 1695 animantium

129 1719 303 1776 continetur.
346 1723 393 1774 41.
412 1717 505 1794 Atqui
520 1718 568 1776 hie
587 1726 684 1776 noster
699 1719 783 1795 ignis,
800 1737 885 1794 quem
907 1738 974 1775 usus

130 1799 208 1856 vitae
227 1797 354 1875 requirit,
370 1799 519 1856 coniector
535 1805 579 1855 est
595 1805 624 1856 et
640 1805 827 1876 consumptor
843 1799 974 1856 omnium

130 1878 275 1955 idemque,
287 1897 468 1955 quocumque
478 1878 591 1950 invasit,
599 1886 703 1936 cuncta
716 1878 858 1936 disturbat
872 1899 904 1936 ac
918 1879 974 1936 dis-

130 1959 215 2034 sipat
259 1957 368 2015 Contra
381 1959 429 2015 ille
446 1977 599 2035 corporeus
612 1958 708 2016 vitalis
723 1965 754 2016 et
767 1958 897 2016 salutaris
915 1977 974 2015 om-

130 2038 181 2094 nia
196 2044 353 2109 conservat,
365 2037 425 2108 alit,
438 2046 532 2114 auget,
548 2039 670 2096 sustinet
685 2057 827 2116 sensuque
848 2038 972 2096 adficit”

131 2117 229 2194 Negat
246 2137 314 2194 ergo
335 2137 396 2175 esse
413 2116 533 2175 dubium
550 2118 654 2175 horum
670 2119 782 2195 ignium
804 2119 847 2175 sol
865 2119 923 2176 utri
940 2120 974 2175 si·

130 2197 209 2255 milis
225 2198 271 2268 sit,
284 2217 349 2254 cum
363 2199 388 2254 is
405 2217 519 2274 quoque
536 2197 640 2256 efficiat
653 2206 687 2255 ut
701 2199 798 2256 omnia
811 2199 931 2256 floreant
945 2207 974 2256 et

131 2278 163 2334 in
178 2297 229 2334 suo
245 2295 373 2354 quaeque
387 2295 490 2355 genere
505 2277 669 2354 pubescant.
704 2277 811 2346 Quare
826 2298 891 2335 cum
906 2278 974 2335 solis

131 2357 208 2433 ignis
225 2357 326 2414 similis
347 2376 445 2414 eorum
463 2357 574 2432 ignium
592 2359 636 2427 sit,
654 2358 703 2434 qui
720 2359 833 2414 suntin
851 2359 975 2436 corpori-

131 2437 186 2494 bus
200 2437 398 2507 animantium,
409 2437 498 2494 solem
511 2456 624 2515 quoque
635 2439 810 2495 animantem
822 2457 881 2495 esse
893 2457 975 2514 opor·

130 2524 183 2588 tet,
196 2523 225 2575 et
240 2517 358 2593 quidem
373 2516 483 2594 reliqua
498 2525 581 2588 astra,
595 2537 666 2595 qnae
684 2518 811 2575 oriantur
827 2518 856 2574 in
874 2517 974 2574 ardore

130 2597 255 2667 caelesti,
266 2597 317 2674 qui
330 2595 428 2654 aether·
438 2596 482 2654 vel
496 2597 605 2655 caelum
620 2598 793 2654 nominatur.
835 2603 883 2654 42.
899 2597 974 2654 Cum

130 2677 211 2734 enim
225 2677 347 2735 aliorum
361 2677 551 2735 animantium
569 2684 648 2735 ortus
663 2677 693 2734 in
707 2684 782 2734 terra
796 2677 841 2747 sit,
853 2676 974 2734 aliorum

131 2758 162 2814 in
184 2777 265 2834 aqua,
284 2757 314 2814 in
335 2763 402 2814 aere
422 2757 551 2828 aliorum,
567 2757 723 2814 absurdum
743 2776 803 2814 esse
823 2756 975 2814 Aristoteli

131 2837 247 2896 videtur
263 2838 293 2894 in
310 2857 344 2895 ea
360 2844 449 2914 parte,
463 2856 535 2914 quae
551 2837 590 2894 sit
606 2837 643 2894 ad
656 2836 803 2913 gignenda
819 2837 976 2894 animantia

130 2917 289 2995 aptissima,
305 2917 410 2974 animal
427 2917 509 2993 gigni
529 2916 640 2973 nullum
657 2924 766 2993 putare.
809 2916 909 2974 Sidera
929 2936 975 2973 au·

130 3005 193 3054 tem
210 2997 368 3054 aetheri-um
387 2996 482 3053 locum
499 2996 640 3067 obtinent,
651 2996 701 3071 qui
718 2996 855 3071 quoniam
871 2997 977 3052 tenuis-

120 3078 223 3138 simus
246 3084 289 3134 est
312 3085 340 3133 et
362 3095 474 3152 semper
494 3075 620 3150 agitatur
640 3082 670 3131 et
685 3075 772 3150 viget,
789 3093 902 3132 necesse
923 3083 974 3144 est,

131 3157 213 3233 quod
229 3153 335 3227 animal
352 3157 382 3212 in
399 3175 433 3213 eo
449 3155 593 3232 gignatur,
605 3153 636 3210 id
650 3160 679 3211 et
692 3173 777 3212 sensu
793 3154 930 3212 acerrimo
947 3161 976 3210 et
