2242 3436
304 143 373 191 LIB.
388 142 704 204 1.,cAP.XV.-xvl1.,
719 142 733 202 §
745 147 834 194 26-31.
944 149 991 196 157

149 242 208 301 Sed
229 242 299 320 quid
319 244 433 300 vetera?
473 242 512 300 M.
536 242 639 300 Crasso
664 244 734 320 quid
756 244 891 302 acciderit
915 245 992 304 vide·

149 343 214 380 mus
235 324 360 380 diramm
382 322 602 380 obnuntiatione
622 323 759 400 neglecta.
799 324 832 380 In
854 344 911 402 quo
932 326 992 403 Ap-

149 405 223 480 pius,
239 402 439 480 collegatum,
455 402 548 460 bonus
570 423 668 479 augur,
684 411 717 460 ut
734 424 768 460 ex
786 411 815 461 tc
832 405 929 462 audire
948 425 992 462 so-

149 483 203 555 le0,
219 502 278 540 uon
295 483 364 540 satis
381 483 502 540 scienter
522 483 615 539 virum
632 482 739 540 bonum
757 490 786 541 et
803 485 893 540 civem
915 505 991 562 egre-

149 565 231 641 gium
256 582 356 620 censor
378 562 410 621 O.
428 562 548 620 Ateium
573 564 693 634 notavit,
717 563 795 640 quod
819 565 989 622 ementitum

149 643 278 721 auspicia
294 642 490 700 subscriberet.
519 643 621 708 Esto:
643 643 732 717 fuerit
748 643 802 700 hoc
819 644 951 715 censorie,
967 645 992 702 si

149 723 296 782 iudicabat
307 723 485 780 ementitum.
519 722 562 780 At
573 722 643 779 illud
652 723 771 780 minime
782 723 903 800 auguris,
914 724 992 801 quod

150 804 281 882 ascripsit
296 803 333 861 ob
348 823 411 860 eam
425 821 538 860 causam
553 803 692 880 populum
703 803 865 861 Romanum
880 803 992 861 calami-

150 891 241 942 tatem
258 883 414 940 maximam
431 883 546 959 cepisse.
589 883 620 940 Si
637 883 714 940 enim
732 903 765 940 ea
781 902 864 941 causa
880 884 992 941 calami·

150 965 219 1022 tatis
235 964 301 1035 fuit,
317 982 376 1020 nou
392 964 422 1020 in
445 982 479 1021 eo
500 971 544 1020 cst
561 962 651 1040 culpa,
668 964 718 1040 qui
735 963 923 1036 obnuntiavit,
942 964 993 1022 sed

150 1046 181 1103 in
196 1064 239 1116 eo,
252 1044 302 1122 qui
316 1062 374 1100 nou
388 1042 491 1120 paruit.
531 1042 637 1100 Veram
652 1045 729 1100 enim
740 1043 828 1101 fuisse
843 1043 993 1101 obnuntia-

150 1125 270 1195 tiouem,
283 1131 316 1181 ut
330 1123 371 1180 ait
384 1123 461 1181 idem
476 1141 567 1199 augur
583 1131 613 1180 et
629 1142 735 1194 censor,
748 1124 841 1180 exitus
855 1123 993 1200 approba-

151 1206 209 1263 vit:
232 1223 304 1281 quae
326 1204 350 1260 si
372 1203 445 1260 falsa
466 1203 576 1272 fuisset,
592 1202 699 1260 nullam
721 1203 832 1261 adferre
851 1204 993 1279 potuisset

152 1304 267 1342 causam
288 1283 466 1341 calamitatis.
508 1282 625 1339 Etenim
646 1282 732 1353 dirae,
748 1283 821 1340 sicut
838 1290 930 1340 cetera
946 1303 993 1340 au-

152 1365 249 1442 spicia,
267 1371 301 1422 ut
321 1363 426 1433 omina,
442 1369 475 1420 ut
490 1362 579 1438 signa,
595 1381 653 1419 uon
671 1381 768 1419 causas
789 1362 923 1420 adferunt
944 1382 993 1420 cur

153 1444 224 1522 quid
240 1443 360 1514 eveniat,
376 1443 426 1500 sed
442 1443 578 1500 nuntiant
597 1449 739 1513 eventura,
755 1442 809 1499 nisi
826 1442 991 1518 provideris.

154 1531 200 1582 30.
223 1524 290 1582 Non
305 1523 395 1600 igitur
408 1522 591 1580 obnuntiatio
606 1522 685 1580 Ateii
699 1541 812 1579 causam
826 1521 910 1578 finxit
924 1521 994 1578 cala-

152 1604 271 1675 mitatis,
282 1604 332 1661 sed
343 1603 426 1682 siguo
438 1602 551 1660 obiecto
563 1603 676 1659 monuit
686 1601 820 1659 Crassum
832 1601 901 1678 quid
913 1620 994 1658 eveu-

153 1693 250 1742 turum
272 1690 353 1754 esset,
374 1683 430 1740 nisi
447 1683 574 1740 cavisset.
617 1682 662 1740 Ita
680 1690 731 1740 aut
746 1681 795 1739 illa
811 1681 994 1740 obnuntiatio

154 1764 226 1822 nihil
242 1763 332 1822 valuit
348 1771 398 1821 aut
412 1762 444 1834 si,
457 1770 489 1820 ut
505 1762 621 1838 Appius
637 1762 753 1834 iudicat,
766 1762 862 1833 valuit,
875 1761 905 1819 id
919 1761 994 1819 valu-

154 1845 186 1916 it,
198 1851 231 1902 ut
244 1851 394 1920 peccatum
411 1843 526 1900 haereat
540 1862 598 1900 nou
614 1843 644 1899 iu
661 1862 704 1913 eo,
718 1843 767 1920 qui
780 1842 932 1914 monuerit,
945 1842 996 1900 sed

154 1925 185 1982 in
199 1943 242 1994 eo,
256 1925 305 2002 qui
319 1942 376 1980 non
392 1922 605 1998 obtemperarit.

195 2003 293 2062 XVII.
317 2002 412 2072 Qtridr
432 2002 520 2059 lituus
534 2002 588 2060 iste
602 2009 703 2073 vester,
716 2001 794 2079 quod
808 2001 994 2060 clarissimum

155 2092 198 2143 est
209 2083 321 2160 insigne
332 2089 495 2159 auguratus,
504 2082 580 2139 unde
591 2082 672 2139 vobis
684 2091 727 2139 cst
737 2083 877 2140 traditus?
910 2081 937 2138 N
940 2102 994 2140 cm·

155 2185 192 2242 pe
206 2184 240 2222 eo
251 2163 392 2221 Romulus
402 2163 534 2239 regiones
545 2161 649 2220 direxit
659 2169 731 2233 tum,
744 2182 807 2220 cum
820 2162 918 2220 urbem
931 2181 994 2219 con·

155 2245 238 2302 didit.
282 2242 339 2311 Qui
358 2243 474 2320 quidem
493 2241 611 2299 Romuli
627 2241 724 2313 lituus,
740 2243 770 2298 id
787 2250 831 2299 est
847 2243 994 2298 incurvum

156 2332 186 2382 et
199 2323 301 2381 leuiter
317 2342 333 2380 a
350 2341 463 2380 summo
481 2321 617 2379 inflexum
631 2321 775 2393 bacillum,
789 2322 867 2398 quod
883 2322 918 2377 ab
936 2322 997 2378 eius

156 2405 303 2481 lituique
324 2403 443 2472 canitur,
462 2401 650 2460 similitudine
671 2420 775 2458 nomen
798 2402 916 2470 invenit,
931 2420 997 2457 curn

157 2485 228 2541 situs
245 2490 319 2541 esset
332 2484 362 2540 iu
377 2483 455 2540 curia
469 2481 619 2553 Saliorum,
632 2500 704 2558 quae
721 2487 764 2538 est
778 2480 807 2537 in
823 2479 942 2551 Palatio,
955 2500 999 2537 ca-

157 2583 212 2642 que
236 2563 426 2640 deflagrasset,
447 2563 580 2620 inventus
604 2569 648 2619 est
671 2562 790 2637 integer.
834 2565 879 2616 31.
903 2558 998 2628 Quidl

157 2643 256 2702 multis
270 2644 351 2700 annis
365 2650 432 2719 post
446 2642 602 2700 Romulum
618 2641 717 2698 Prisco
731 2646 867 2716 regnante
882 2639 999 2716 Tarqui·

157 2725 206 2782 nio
228 2725 293 2800 quis
313 2731 440 2780 veterum
458 2723 629 2799 scriptorum
646 2740 705 2779 non
722 2720 850 2797 loquitur
869 2738 940 2796 quae
962 2720 999 2777 sit

157 2805 194 2862 ab
208 2804 283 2862 Atto
297 2803 390 2860 Navio
402 2823 453 2880 per
462 2803 567 2860 lituum
582 2802 731 2878 regionum
742 2801 820 2857 facta
833 2799 998 2876 discriptiol

158 2884 215 2953 Qui
229 2903 295 2942 cum
306 2890 424 2960 propter
433 2890 631 2960 paupertatem
643 2900 707 2938 sues
717 2900 788 2957 puer
798 2886 934 2957 pasceret,
944 2898 1000 2936 una

156 2985 193 3022 cx
207 2965 243 3022 iis
257 2965 360 3021 amissa
373 2965 483 3020 vovisse
498 2963 610 3032 dicitur,
622 2961 645 3020 si
659 2967 859 3038 recuperasset,
871 2979 955 3016 uvam
971 2979 999 3015 ee

159 3045 214 3102 deo
229 3045 371 3115 daturum,
384 3062 455 3120 quae
466 3043 592 3100 maxima
602 3048 675 3098 esset
686 3041 715 3097 iu
727 3041 825 3098 vinea:
843 3041 939 3116 itaque
951 3058 999 3095 sue

159 3126 277 3182 inventa
291 3124 328 3181 ad
340 3123 490 3181 meridiem
502 3129 632 3198 spectans
646 3121 677 3177 in
691 3121 774 3178 vinea
786 3120 883 3178 media
896 3119 1000 3175 dicitur

160 3204 331 3274 constitisse,
347 3223 469 3280 cumque
486 3203 516 3258 in
535 3208 670 3278 quattuor
686 3207 781 3277 partes
801 3201 913 3257 vineam
931 3198 1002 3254 divi·

252 3284 280 3328 13
333 3287 335 3292 '
