2220 3432
151 124 183 167 26
374 117 423 166 Du
438 117 589 167 NATURA
605 115 767 166 DEORUM.

151 221 199 277 An
222 221 253 277 in
278 219 434 278 individuis
458 217 634 295 corpusculis
656 225 717 274 tam
739 216 882 294 praeclara
906 236 996 295 opera

150 300 229 357 nulla
249 299 417 357 moderante
438 306 547 370 natura,
566 298 644 354 nulla
665 297 776 354 ratione
799 297 996 374 fingentibus?

151 380 209 438 Sed
224 380 330 438 oblitus
344 379 522 437 liberalitatis
543 397 631 448 meae,
644 397 700 455 qua
713 383 809 434 tecum
824 377 910 454 paulo
925 386 995 435 ante

89 529 94 540 Ι
150 461 194 519 uti
215 478 371 537 coeperam,
386 459 470 536 plura
489 457 672 534 complector.
717 456 881 514 Concedam
900 458 996 535 igitur

150 560 185 598 ox
201 539 358 597 individuis
379 546 508 596 constare
530 537 634 595 omnia.
677 536 755 604 Quid
771 536 809 594 ad
825 538 904 594 remt
926 538 995 595 deo-

149 641 213 678 rum
225 620 301 678 enim
310 626 412 676 natura
421 619 580 695 quaeritur.¹
608 623 654 674 68.
671 616 735 674 Sint
746 635 812 674 sane
824 636 858 674 ex
869 618 993 674 atomis:

149 720 207 758 non
222 701 312 777 igitur
325 699 440 757 aeterni.
482 697 568 766 Quod
582 697 659 754 enim
673 717 708 754 ex
722 696 835 768 atomis,
845 697 876 754 id
890 703 992 755 natum

149 779 302 857 aliqnando
319 787 370 836 est.
413 778 444 835 Si
464 785 573 848 natum,
585 776 657 833 nulli
673 777 704 834 di
721 783 787 834 ante
805 796 891 854 quam
912 778 991 834 nati:

149 867 178 918 et
192 861 216 917 si
231 866 310 916 ortus
325 866 367 916 est
381 857 509 928 deorum,
522 857 654 915 interitus
668 857 705 913 sit
719 875 832 914 necesse
847 864 898 926 est,
911 864 944 914 ut
958 864 992 914 tu

149 938 235 1016 paulo
251 946 318 996 aute
332 938 367 996 de
382 938 513 996 Platonis
526 937 636 995 mundo
648 935 823 1013 disputabas
862 935 923 995 Ubi
938 937 992 1014 igi-

148 1030 196 1076 tur
215 1018 288 1076 illud
302 1026 427 1076 vestrum
442 1017 558 1075 beatum
579 1024 609 1074 et
630 1025 786 1088 aetornum,
800 1015 904 1094 quibus
920 1017 992 1074 duo-

148 1099 202 1156 bus
216 1099 309 1157 verbis
323 1097 490 1176 significatis
504 1098 609 1155 deuml
631 1096 709 1175 quod
725 1116 791 1154 curn
808 1095 917 1154 efficere
930 1096 992 1154 vul-

147 1181 194 1251 tis,
206 1179 236 1236 in
250 1178 369 1237 dumeta
382 1178 539 1255 correpitis.
573 1177 619 1234 Ita
633 1177 709 1234 enim
724 1175 847 1247 dicebas,
857 1196 916 1234 non
930 1196 992 1234 cor-

147 1280 203 1337 pus
216 1278 276 1317 esse
287 1259 318 1317 in
332 1259 395 1330 dec,
408 1259 458 1315 sed
469 1257 550 1335 quasi
561 1277 673 1334 corpus,
683 1275 735 1314 nec
750 1257 927 1334 sauguinem,
939 1257 992 1315 sed

147 1349 295 1417 tamquam
309 1339 486 1416 sanguinem.

186 1419 286 1478 XXV.
329 1425 375 1477 69.
398 1418 465 1476 Hoc
479 1436 615 1495 persaepe
629 1416 784 1488 saeuiant,
797 1435 862 1473 cum
880 1415 992 1493 aliquid

146 1521 205 1558 non
226 1500 285 1558 veri
306 1499 398 1557 simile
420 1498 522 1556 dicatis
544 1505 573 1554 et
594 1497 719 1572 effugere
739 1495 990 1573 reprehensionem

146 1581 248 1652 velitis,
260 1580 396 1638 adferatis
407 1577 515 1656 aliquid
527 1576 605 1654 quod
616 1576 735 1633 omnino
750 1595 785 1633 ne
796 1576 856 1632 fieri
872 1576 989 1653 quidem

146 1661 246 1737 possit,
261 1666 295 1717 ut
311 1659 400 1717 satius
419 1659 508 1716 fuerit
524 1657 596 1714 illud
612 1657 716 1734 ipsum,
732 1656 768 1713 de
788 1675 845 1733 quo
864 1655 991 1733 ambige-

146 1740 238 1811 batur,
261 1739 416 1797 concedere
441 1758 528 1815 quam
552 1744 611 1794 tarn
639 1735 823 1814 impudenter
849 1736 988 1794 resistere.

146 1820 236 1878 Velut
257 1818 406 1896 Epicurus,
419 1837 485 1875 cnm
507 1817 624 1888 videret,
640 1816 664 1873 si
685 1816 775 1874 atomi
795 1816 938 1874 ferrentur
958 1817 989 1873 in

146 1900 241 1958 locum
253 1899 418 1956 inferiorem
430 1903 532 1974 suopte
543 1897 679 1974 pondere,
689 1896 762 1953 nihil
773 1896 835 1953 fore
847 1896 876 1953 in
891 1902 992 1953 nostra

146 1985 289 2058 potestate
304 1978 383 2056 quod
396 1986 471 2036 esset
485 1997 582 2035 earum
598 1984 695 2034 motus
712 1984 807 2034 certus
821 1983 850 2033 et
864 1995 991 2033 necessa-

147 2061 212 2131 rius,
223 2060 333 2117 invenit
351 2078 408 2136 quo
425 2058 513 2115 modo
530 2057 729 2114 necessitatem
750 2056 898 2133 effugeret,
911 2056 990 2133 quod

147 2140 279 2197 videlicet
301 2138 502 2196 Democritum
525 2138 647 2213 fugerat.
690 2136 744 2194 Ait
768 2143 907 2207 atomum,
923 2156 989 2194 cunr

146 2221 273 2297 pondere
294 2226 323 2276 ct
343 2219 483 2296 gravitate
505 2217 613 2275 directo
635 2216 752 2274 deorsus
772 2217 889 2286 feratur,
905 2215 990 2274 decli·

146 2319 213 2357 nare
234 2298 390 2376 paululum.
442 2298 488 2356 70.
507 2298 573 2354 Hoc
594 2297 687 2354 dicere
704 2297 817 2373 turpius
838 2303 881 2353 est
902 2315 989 2373 quarn

145 2380 225 2450 illud,
241 2379 319 2457 qnod
341 2378 410 2449 vult,
425 2398 484 2435 non
505 2396 589 2454 posse
610 2375 772 2434 defendere.
815 2375 897 2434 Idem
918 2376 990 2434 facit

146 2467 246 2517 contra
259 2459 439 2517 dialecticos:
458 2478 474 2515 a
489 2457 593 2534 quibus
607 2475 673 2513 cum
683 2455 822 2513 traditum
837 2456 874 2513 sit
884 2456 915 2513 in
930 2475 990 2513 orn-

146 2540 230 2597 nibus
244 2538 478 2609 diiunctionibus,
490 2539 521 2594 in
537 2537 640 2614 quibus
652 2535 825 2593 “autetiam
841 2543 890 2592 aut
904 2535 988 2593 non''

146 2627 307 2698 poneretur,
320 2619 439 2676 alterurn
457 2626 555 2675 utrum
572 2635 670 2674 verum
692 2635 760 2687 esse,
776 2617 926 2692 pertimuit
942 2636 988 2688 ne,

146 2702 169 2757 si
186 2719 352 2757 concessum
370 2705 444 2756 esset
460 2697 643 2755 huiusmodi
660 2695 786 2773 aliquid:
808 2695 895 2753 “Aut
912 2696 990 2754 vivet

146 2800 207 2837 cras
227 2788 277 2836 aut
298 2799 356 2836 non
373 2779 451 2836 vivet
471 2775 640 2855 Epicurus,’'
652 2776 772 2834 altemm
794 2782 891 2833 utrum
908 2775 990 2834 fieret

147 2859 345 2929 necessarium,
357 2865 453 2915 totum
468 2857 524 2914 hoc
540 2857 556 2884 “
568 2864 618 2913 aut
635 2857 722 2913 etiarn
740 2863 789 2913 aut
803 2875 862 2913 non
872 2855 889 2882 ’'
904 2874 990 2933 nega-

147 2940 189 2996 vit
204 2957 264 2995 esse
278 2939 485 2996 necessarium:
504 2956 562 3014 quo
577 2936 647 3012 quid
661 2935 718 2992 dici
730 2936 827 3013 potuit
841 2935 990 2993 obtusiusl

147 3017 277 3094 Urgebat
297 3019 438 3076 Arcesilas
459 3019 612 3091 Zenonem,
629 3039 694 3076 curn
714 3020 776 3096 ipse
797 3019 869 3076 falsa
889 3021 987 3076 omnia

148 3098 261 3167 diceret,
278 3116 349 3174 quae
366 3097 494 3155 sensibus
513 3099 684 3170 viderentur,
699 3098 796 3156 Zenon
814 3107 907 3156 autem
926 3119 986 3156 non

149 3176 225 3234 nulla
245 3177 305 3234 visa
323 3197 382 3234 esse
398 3177 479 3246 falsa,
495 3197 552 3235 non
571 3179 675 3236 omnia.
717 3179 828 3237 Timuit
845 3179 988 3255 Epicurus
