2220 3432
241 121 310 170 LIB.
323 121 701 183 11.,cnt’.xn1.-XL111.‚§
714 124 834 172 105-111.
943 127 976 174 85

200 218 286 281 Atque
298 218 351 267 eins
362 219 415 281 ipse
425 226 511 268 manet
521 220 639 280 religatus
650 234 752 282 corpore
762 228 842 270 torto:
929 271 932 275 ,

199 285 315 346 Namque
326 285 404 331 virurn
417 285 526 332 medinm
538 299 638 347 serpens
649 285 695 332 sub
706 297 805 347 pectora
816 287 900 348 cingit.

199 349 246 398 llle
258 360 341 398 tamen
353 350 434 398 nitens
445 351 553 410 graviter
564 351 668 410 vestigia
678 351 754 413 pouit,

198 417 284 478 Atque
296 415 379 463 oculos
393 427 462 475 urget
473 416 575 478 pedibus
586 426 720 479 pectusque
732 416 820 479 Nepai

131 542 251 620 Septem
265 543 373 600 triones
387 549 483 600 autern
498 543 626 620 sequitur

198 681 379 746 Arctophylax,
389 681 462 742 vulgo
475 681 516 744 qui
528 681 619 730 dicitur
630 695 683 730 esse
695 681 796 741 Bootes,

198 748 271 808 Quod
283 747 353 811 quusi
366 758 465 796 temone
476 746 617 796 adiunctum
629 763 688 811 prae
699 763 726 797 se
737 747 816 811 quatit
826 747 940 798 Arctum.

133 883 200 936 110.
215 879 292 936 Dein
308 898 380 957 qnae
395 885 559 955 sequuntur.
602 877 680 935 Huic
694 877 771 936 enim
785 877 874 936 Booti

374 1007 459 1055 subter
470 1006 613 1070 praecordio
624 1006 677 1054 fixa
687 1006 786 1055 videtur

197 1070 274 1122 Stella
283 1073 378 1121 micans
392 1072 475 1133 radiis,
484 1073 606 1121 Arcturus
618 1073 719 1121 nomine
730 1072 813 1122 claro:

130 1189 212 1247 onius
228 1183 374 1267 [pedibus]
391 1181 519 1246 subiecta
532 1189 624 1247 fertur

196 1317 298 1380 Spicum
309 1317 403 1365 illustre
414 1326 500 1366 tenens
511 1316 649 1378 splendenti
661 1331 763 1380 corpore
773 1317 860 1378 Virgo.

131 1434 239 1493 XLIII.
258 1435 356 1512 Atque
373 1434 414 1492 ita
430 1435 575 1493 demetata
595 1435 677 1512 signa
697 1440 772 1506 suut,
788 1441 821 1492 ut
837 1435 866 1492 in
884 1435 971 1492 tantis

129 1514 370 1593 descriptionibus
385 1515 483 1573 divina
496 1515 621 1573 sollertia
635 1522 777 1593 appareat.

195 1645 229 1692 Et
240 1652 312 1692 natos
324 1644 443 1694 Geminos
455 1644 545 1693 invises
557 1644 602 1692 sub
614 1652 688 1706 caput
699 1644 779 1692 Arcti.

195 1710 325 1758 Subiectus
337 1710 434 1758 mediae
445 1719 482 1758 est
493 1710 590 1759 Cancer
601 1710 753 1772 pedibusque
764 1718 860 1758 tenetur

194 1776 303 1836 Magnus
313 1776 366 1824 Leo
377 1776 507 1824 tremulam
519 1775 632 1838 quatiens
644 1790 658 1824 e
668 1790 769 1838 corpore
780 1775 915 1825 flammam.
933 1783 936 1792 ’

128 1893 241 1970 Auriga

194 2023 245 2073 Sub
257 2023 327 2072 luera
339 2023 501 2072 Geminorum
513 2023 634 2072 obductus
645 2030 715 2086 parte
727 2023 825 2072 feretur.

190 2089 331 2137 Adversum
343 2097 419 2152 caput
430 2089 486 2137 huic
498 2089 601 2137 Helicae
613 2089 750 2137 truculenta
761 2086 852 2138 tuetur.

192 2155 229 2203 At
240 2153 322 2217 Capra
332 2153 429 2202 laevum
440 2168 553 2202 umerum
564 2155 631 2202 clara
642 2155 744 2203 obtinet.
757 2191 763 2203 .
778 2191 784 2203 .
797 2191 803 2203 .

127 2269 203 2328 Tum
217 2291 290 2349 quae
304 2277 479 2348 sequuntur:

191 2400 289 2448 Verum
301 2399 362 2448 haee
374 2407 412 2447 est
423 2413 514 2460 magno
525 2406 599 2460 atque
610 2398 699 2447 illustri
711 2399 824 2462 praedite
834 2399 914 2461 signo,

192 2465 286 2514 Contra
298 2465 381 2514 Huedi
392 2465 510 2525 exiguum
521 2465 614 2514 iaciunt
627 2465 771 2514 mortalibus
782 2465 874 2525 ignom,

126 2582 208 2640 cuius
222 2581 275 2638 sub
289 2580 412 2658 pedibus

191 2709 312 2771 Corniger
323 2718 360 2759 est
372 2709 454 2758 valido
466 2709 571 2758 conixus
583 2723 685 2773 corpore
697 2710 802 2759 'Iunius

127 2834 193 2886 111.
210 2827 280 2884 Eius
294 2834 381 2904 eaput
396 2826 484 2884 stellis
501 2845 686 2904 conspersum
703 2834 746 2885 est
760 2827 965 2905 frequentibus.

190 2967 246 3016 Has
258 2966 348 3016 Graeci
360 2966 442 3015 stellas
455 2965 559 3030 Hyadas
571 2965 678 3014 vocitare
690 2967 800 3027 suerunt,

124 3113 143 3152 a
156 3093 300 3170 pluendo:
318 3091 376 3150 ὕειν
391 3093 468 3150 enim
482 3099 526 3150 est
540 3091 653 3168 pluere:
671 3093 761 3149 nostri
776 3093 908 3172 imperite
923 3114 966 3151 su-

124 3173 211 3246 culas,
223 3174 304 3248 quasi
318 3193 335 3231 a
349 3172 436 3231 subus
450 3179 552 3244 essent,
561 3190 620 3229 non
634 3171 670 3229 ab
685 3171 825 3230 imbribus
838 3173 966 3231 nomina-

220 3262 235 3308 8
