2224 3446
138 108 186 155 208
398 105 447 152 DE
467 103 717 153 DIVINATIONE.

138 211 218 264 scant
240 204 403 281 pariterque
425 204 596 274 decrescant,
615 203 786 279 arboresque
807 209 841 260 ut
864 203 984 262 hiemali

138 294 268 362 tempore
285 303 351 342 cum
364 285 432 341 luna
448 283 533 340 simul
550 290 736 355 senescentes
750 283 799 361 qui
813 290 877 340 tum
894 285 985 341 exsic-

138 373 217 422 catae
231 365 297 435 sint,
309 364 478 441 tempestive
492 363 572 420 caedi
586 369 731 439 putentur.

180 450 225 502 34.
249 443 327 513 Quid
343 445 379 501 de
395 444 477 500 fretis
497 450 548 500 aut
563 442 600 498 de
620 442 738 499 marinis
758 441 883 500 aestibus
900 442 985 519 plura

138 526 251 582 dicaml
272 543 394 600 quorum
411 542 538 580 accessus
554 529 584 579 ct
598 541 722 579 recessus
735 522 819 579 lunae
835 529 918 578 motu
931 541 984 598 gu-

138 605 301 662 bernantur.
338 603 472 662 Sescenta
486 603 552 659 licet
566 602 693 659 eiusdem
707 601 788 658 modi
802 601 932 678 proferri,
950 609 983 658 ut

139 684 309 742 distantium
326 703 419 740 rerum
437 683 571 757 cognatio
588 681 723 739 naturalis
739 688 882 758 appareat.
925 681 984 738 De

139 784 203 821 mus
219 763 291 821 hoc:
313 763 384 821 nihil
403 764 479 820 enim
500 761 567 819 huic
589 761 981 837 disputationi'adversatur:

139 863 209 900 num
224 844 318 914 etiam,
332 843 355 900 si
370 843 468 900 fissum
482 842 629 899 cuiusdam
644 841 724 898 modi
735 839 823 898 fucrit
834 841 864 896 in
878 840 980 910 iecore,

138 923 249 980 lucrum
267 923 445 980 ostenditurl
486 921 550 990 Qua
570 941 604 977 cx
625 921 796 997 contagione
818 927 936 977 naturae
953 928 984 976 et

103 1062 106 1068 ,
140 1003 220 1079 qnasi
244 1010 385 1060 concentu
412 1008 498 1079 atque
526 1020 673 1071 consensu,
697 1019 782 1077 quam
807 1000 983 1076 συμπάθειαν

138 1082 240 1140 Graeci
254 1082 406 1160 appellant,
419 1082 570 1139 convenire
587 1088 684 1157 potest
700 1087 750 1138 aut
762 1079 862 1137 fissum
878 1080 983 1137 iecoris

138 1182 204 1219 curn
221 1162 322 1220 lucello
339 1181 404 1219 mco
424 1169 474 1219 ant
494 1181 575 1236 meus
597 1160 788 1237 quaesticulus
808 1179 873 1217 cum
892 1161 981 1231 caelo,

138 1250 213 1300 terra
226 1261 377 1318 rerumque
391 1243 510 1299 natural
543 1240 612 1298 XV.
629 1239 792 1296 Concedam
805 1239 859 1296 hoc
873 1240 981 1316 ipsum,

139 1323 162 1378 si
177 1323 227 1394 vis,
243 1323 296 1379 etsi
313 1340 447 1397 magnam
465 1322 603 1378 iacturam
619 1339 719 1376 causae
732 1318 836 1388 fecere,
852 1319 875 1376 si
892 1319 983 1376 ullam

138 1422 198 1459 esso
223 1401 451 1459 convenientiam
476 1407 593 1456 naturae
620 1419 685 1455 cum
710 1399 784 1455 extis
806 1418 981 1457 concessere.

98 1535 99 1540 ,
139 1489 185 1539 35.
209 1482 266 1540 Sed
279 1489 376 1538 tamen
394 1499 428 1538 eo
445 1499 579 1537 concesso
597 1479 646 1555 qui
664 1479 759 1536 evcnit
773 1486 806 1535 ut
820 1479 852 1549 is,
866 1479 915 1556 qni
929 1479 984 1535 im·

138 1563 243 1638 petrire
257 1562 333 1631 volit,
346 1561 562 1618 convenientem
573 1558 698 1615 hostiam
713 1557 796 1615 rebus
811 1558 869 1615 suis
878 1559 984 1615 immo-

138 1641 196 1699 letl
236 1643 302 1699 Hoc
323 1647 391 1712 erat,
407 1639 485 1716 quod
502 1657 555 1715 ego
576 1657 635 1694 non
656 1638 737 1695 rebar
754 1657 836 1715 posse
854 1638 981 1697 dissolvi.

138 1721 180 1778 At
195 1741 280 1799 quam
291 1721 394 1778 festive
409 1718 589 1777 dissolvitur!
619 1718 716 1775 Pudet
729 1738 776 1776 ine
790 1738 849 1776 non
862 1719 907 1776 tui
921 1720 983 1796 qui·

138 1801 213 1872 dem,
226 1802 306 1859 cuius
320 1801 407 1857 etiam
421 1799 589 1856 memoriam
604 1798 737 1869 admiror,
751 1799 800 1856 sed
814 1798 981 1877 Chrysippi,

138 1882 295 1958 Antipatri,
311 1880 469 1950 Posidonii,
487 1879 536 1955 qui
550 1879 628 1936 idem
645 1879 718 1936 istuc
736 1879 854 1956 quidem
870 1879 982 1952 dicunt,

139 1962 216 2037 quod
231 1970 274 2019 est
288 1961 397 2018 dictum
412 1980 429 2017 a
442 1969 480 2030 te,
490 1959 528 2016 ad
540 1959 665 2016 hostiam
681 1959 862 2036 deligendam
877 1960 980 2017 ducem

138 2061 197 2099 esse
215 2043 274 2099 vim
291 2041 434 2118 quandam
456 2040 627 2097 sentientem
648 2045 734 2116 atque
756 2040 891 2110 divinam,
907 2060 983 2117 quae

138 2129 201 2180 toto
226 2123 346 2180 confusa
368 2119 477 2178 mundo
502 2121 547 2177 sit.
590 2119 665 2176 Illud
688 2137 754 2176 vero
776 2120 869 2177 multo
893 2121 982 2177 etiam

138 2203 247 2273 melius,
260 2203 338 2279 quod
353 2207 448 2259 etate
463 2206 628 2276 usurpatum
645 2205 727 2255 estet
741 2199 847 2256 dicitur
860 2199 896 2256 ab
909 2200 982 2258 illis:

138 2301 203 2340 cum
217 2282 366 2339 immolare
382 2280 524 2358 quispiam
536 2279 612 2348 velit,
625 2285 687 2335 tum
699 2278 760 2336 fieri
774 2286 904 2335 extorum
920 2299 984 2336 mu·

138 2363 285 2433 tationem,
300 2369 333 2420 nt
350 2369 400 2419 aut
416 2361 491 2418 absit
508 2359 616 2436 aliquid
633 2365 682 2415 aut
699 2358 838 2434 supersit:
860 2358 982 2416 deorum

138 2443 214 2498 enirn
240 2443 351 2499 numini
374 2460 471 2518 parere
496 2440 600 2496 omnia.
644 2443 690 2494 36.
713 2438 793 2494 Haec
817 2437 885 2509 iam,
907 2438 983 2495 mihi

138 2523 229 2591 crede,
249 2540 285 2578 nc
307 2521 434 2578 aniculae
457 2519 573 2596 quidem
597 2517 769 2574 existimant.
811 2515 860 2572 An
883 2536 983 2574 censes

138 2601 260 2657 eundern
278 2600 399 2658 vitulum
417 2600 441 2656 si
458 2599 529 2656 alius
549 2596 693 2673 delegerit,
710 2597 770 2653 sine
790 2596 884 2673 capite
902 2597 984 2654 iecur

138 2680 286 2736 inventum
308 2680 357 2736 iri:
380 2679 404 2734 si
423 2679 502 2748 alius,
518 2697 583 2734 cum
601 2677 712 2752 capital
752 2676 833 2733 Haec
852 2676 982 2734 decessio

138 2759 240 2834 capitis
261 2764 311 2814 aut
327 2757 449 2814 accessio
464 2756 597 2813 subitone
613 2755 674 2812 fieri
690 2763 796 2832 potest,
813 2763 847 2813 ut
864 2775 893 2814 se
915 2765 983 2814 exta

138 2837 175 2892 ad
189 2834 378 2892 immolatoris
392 2836 538 2892 fortunam
556 2835 792 2893 accommodanti
834 2835 901 2893 Non
919 2856 983 2913 per-

138 2915 248 2990 spicitis
270 2914 360 2970 aleam
383 2915 525 2991 quandam
549 2934 609 2971 esse
632 2915 663 2971 in
686 2914 789 2971 hostiis
809 2914 981 2992 deligendis,

138 2993 303 3066 pracsertim
321 3012 386 3049 cum
400 3013 444 3049 res
458 2994 520 3068 ipsa
534 2993 653 3050 doceatl
694 2993 769 3051 Cum
786 2995 863 3051 enim
878 2996 983 3053 tristis-

138 3071 211 3127 sima
231 3078 297 3127 exta
319 3071 379 3128 sine
402 3073 494 3147 capite
511 3073 636 3143 fuenrnt,
652 3073 756 3148 quibus
776 3073 849 3131 nihil
866 3075 982 3132 videtur

138 3168 197 3206 esse
212 3149 309 3220 dirius,
320 3150 451 3222 proxima
465 3149 559 3205 hostia
572 3150 670 3207 litatur
685 3171 768 3227 saepe
778 3153 981 3232 pulcherrime.
