2242 3436
296 134 365 183 um.
378 133 439 194 111„
450 133 527 183 cnr.
542 133 696 195 xri-xv„
711 133 724 193 §
738 137 829 184 arse.
938 139 984 185 ue

147 253 210 291 sum
222 253 286 290 uon
306 253 405 290 omnes
420 234 643 310 interpretantur
659 253 717 290 uno
734 235 830 306 mode,
847 236 896 312 qui
918 255 985 312 qno·

146 315 223 370 niam
240 313 309 390 quid
320 313 426 370 diceret
437 313 564 389 intellegi
575 312 676 383 noluit,
689 314 865 386 omittamus
878 335 928 372 vos
939 336 986 372 au·

146 400 205 450 tem
220 393 261 450 ita
275 393 378 463 dicitis,
391 409 504 448 omnem
521 393 579 449 vim
594 411 654 449 esse
665 393 770 469 ignem,
781 395 877 472 itaque
888 402 917 452 et
928 395 986 451 ani-

145 480 265 544 manteS,
281 491 347 529 cum
364 470 440 528 calor
455 472 600 541 defecerit,
612 478 675 528 tum
689 473 805 529 interire
819 480 848 530 et
862 474 892 530 in
907 475 986 530 omni

145 559 248 608 natura
265 570 358 608 rerum
372 551 403 607 id
417 552 518 621 vivere,
530 551 562 608 id
575 551 678 626 vigere,
692 552 769 628 quod
783 552 879 609 caleat.
921 553 985 628 Ego

145 637 243 688 autem
259 650 317 687 non
332 629 467 706 intellego
485 649 542 706 quo
556 630 645 687 modo
662 630 753 688 calore
770 632 910 688 exstincto
928 651 987 689 cor-

145 729 217 787 pora
230 710 379 779 intereant,
391 728 449 765 non
463 709 604 766 intereant
618 729 717 767 umore
731 718 780 768 aut
791 711 893 787 spiritu
904 712 986 768 amis-

146 809 186 860 so,
199 790 366 865 praesertim
377 807 443 846 cnm
454 789 595 846 intereant
606 790 691 846 etiarn
704 791 793 847 nimio
806 791 905 848 calore.
939 797 984 848 36.

146 868 241 937 Quam
264 868 301 924 ob
323 887 383 924 rem
407 868 437 924 id
460 865 576 945 quidem
595 887 747 926 commune
763 877 806 927 est
823 870 858 927 de
875 870 985 927 calido:

145 967 246 1004 verum
262 954 358 1004 tamen
376 947 522 1004 videamus
544 948 660 1005 exitum.
702 948 748 1006 Ita
764 949 857 1021 vultis,
874 951 985 1027 opinor,

145 1027 219 1083 nihil
237 1046 297 1084 esse
314 1025 419 1083 animal
434 1034 463 1083 et
477 1027 602 1084 sentiens
616 1030 646 1084 in
660 1036 761 1086 natura
775 1036 860 1106 atque
876 1029 986 1086 mundo

146 1112 259 1184 praeter
278 1107 384 1182 ignem.
427 1106 484 1175 Qui
504 1107 596 1182 magis
618 1126 702 1183 quam
720 1115 831 1184 praeter
851 1109 985 1179 animam,

144 1186 224 1243 unde
248 1186 437 1242 animantium
459 1204 573 1262 quoque
600 1194 712 1243 constet
732 1188 852 1258 animus,
873 1207 908 1244 ex
929 1207 986 1264 quo

146 1265 253 1322 animal
267 1265 389 1322 diciturl
431 1263 495 1332 Quo
509 1265 597 1322 modo
615 1273 711 1323 antem
725 1265 780 1323 hoc
795 1268 875 1343 qnasi
889 1287 987 1324 eonce-

146 1345 232 1402 datnr
246 1345 366 1415 sumitis
379 1343 451 1400 nihil
466 1363 525 1401 esse
540 1345 668 1402 animum
682 1346 738 1402 nisi
751 1348 867 1422 ignem?
887 1347 988 1422 proba·

146 1424 233 1481 bilius
247 1424 324 1481 enim
339 1425 452 1481 videtur
462 1424 518 1481 talc
534 1424 671 1501 quiddam
686 1444 745 1482 esse
759 1425 895 1496 animum,
906 1433 939 1481 ut
950 1426 988 1482 sit

146 1524 182 1561 ex
195 1504 258 1581 igni
272 1510 358 1580 atque
372 1504 468 1560 anima
480 1511 680 1580 temperatum.
723 1504 807 1572 Quod
823 1524 846 1560 ει
861 1505 936 1580 ignis
953 1524 987 1561 ex

147 1603 207 1641 sese
224 1582 330 1640 animal
347 1590 390 1640 est
406 1583 484 1640 nulla
498 1602 528 1640 se
541 1583 596 1640 alia
610 1583 784 1640 admiscente
798 1591 906 1654 natura,
920 1603 988 1660 quo·

146 1664 224 1721 niam
248 1663 280 1734 ia,
296 1682 362 1720 cum
384 1663 459 1720 inest
480 1664 511 1720 in
533 1663 700 1740 corporibus
719 1665 831 1734 nostrie,
848 1663 934 1721 efficit
954 1670 988 1721 ut

138 1739 310 1814 sentiamus,
326 1762 384 1800 non
401 1749 498 1820 potest
513 1747 575 1819 ipse
592 1763 651 1800 esse
668 1744 729 1800 sine
745 1763 837 1801 sensu.
880 1743 988 1801 Rursus

146 1824 247 1881 cadem
261 1823 318 1880 dici
329 1830 466 1900 possunt:
489 1823 629 1901 quidquid
641 1830 683 1880 est
697 1843 772 1880 enim
785 1824 863 1900 quod
874 1843 988 1880 sensum

145 1903 259 1974 habeat,
271 1903 302 1960 id
315 1921 429 1960 necesse
446 1910 489 1960 est
506 1903 610 1960 sentiat
627 1910 656 1959 et
672 1903 850 1980 voluptatem
867 1911 896 1961 et
910 1904 988 1960 dolo

146 2001 225 2040 rem:
247 1983 283 2039 ad
295 2001 380 2060 quem
392 1989 486 2039 autern
499 1982 581 2038 dolor
591 1983 695 2054 veniat,
706 1983 743 2040 ad
753 1984 885 2041 eumdem
901 1984 987 2040 etiam

146 2063 297 2120 interitum
310 2063 414 2120 venire.
455 2062 500 2119 lta
514 2061 546 2118 fit
561 2069 593 2119 ut
607 2081 642 2120 ne
656 2065 752 2139 ignem
769 2065 884 2140 quidem
899 2063 988 2120 effice-

147 2161 177 2200 re
194 2142 311 2219 possitis
333 2148 487 2199 aeternum.
531 2143 576 2200 37.
600 2142 678 2210 Quid
695 2143 789 2200 enimi
810 2163 867 2200 non
885 2143 987 2201 iisdem

147 2221 229 2279 vobis
247 2221 339 2298 placet
357 2241 472 2278 omnem
489 2222 586 2299 ignem
604 2229 702 2299 pastus
715 2223 844 2300 indigere
862 2243 913 2280 nec
926 2242 988 2299 per-

147 2320 262 2359 manere
284 2301 343 2358 ullo
363 2302 452 2358 modo
468 2321 560 2378 posse,
576 2303 631 2360 uisi
648 2303 753 2360 alatur:
775 2304 813 2359 ali
829 2310 925 2360 antem
946 2321 989 2358 so·

148 2381 214 2452 lem,
233 2381 338 2453 lunam,
356 2382 465 2458 reliqna
488 2390 563 2439 astra
590 2383 679 2460 aquia,
697 2382 752 2439 alia
776 2381 915 2452 dulcibus,
934 2382 989 2438 alia

148 2461 282 2519 marinisl
303 2481 423 2538 eamque
437 2481 550 2519 causam
564 2461 716 2520 Cleanthes
731 2462 824 2519 adfert
838 2481 888 2518 cur
902 2480 930 2518 se
945 2461 988 2518 sol

148 2541 254 2598 referat
268 2560 320 2598 nec
334 2541 448 2617 longius
461 2542 660 2618 progrediatur
674 2541 816 2599 solstitiali
832 2541 894 2597 orbi
908 2541 989 2598 item-

150 2639 205 2697 que
221 2621 344 2678 brumali
358 2640 394 2678 ne
408 2621 522 2697 longius
537 2622 665 2679 discedat
675 2642 691 2678 a
703 2622 774 2679 cibo.
813 2621 879 2677 Hoc
893 2627 988 2676 totum

150 2699 233 2776 quale
250 2701 287 2757 sit
303 2718 389 2757 mox:
410 2719 486 2757 nunc
504 2708 599 2757 autem
617 2701 802 2758 concludatur
815 2700 894 2771 illud,
911 2700 989 2776 qnod

149 2780 265 2838 interire
281 2781 381 2857 possit,
396 2781 427 2836 id
444 2787 590 2837 aeternum
605 2800 663 2836 non
679 2800 738 2838 esse
752 2788 869 2838 natura:
891 2780 987 2855 ignem

150 2867 246 2916 autem
263 2860 444 2917 interiturum
463 2879 531 2930 esse,
547 2860 602 2916 nisi
617 2860 723 2918 alatur:
748 2880 807 2917 non
824 2879 884 2916 esse
900 2860 989 2936 igitur

149 2946 251 2996 natura
264 2939 362 3016 ignem
376 2939 589 3014 sempiternum.

141 3039 144 3043 ·
191 3018 258 3077 XV.
292 3025 337 3075 38.
356 3018 476 3087 Qualem
487 3025 583 3074 autem
594 3019 678 3075 deum
691 3018 854 3095 intellegere
864 3036 989 3094 nospes-

150 3116 249 3154 sumus
269 3096 347 3154 nulla
366 3098 472 3154 virtute
492 3097 672 3173 praeditum?
713 3096 789 3164 Quid
810 3098 905 3154 eniml
925 3116 989 3172 prn-

151 3176 316 3234 dentiamne
337 3177 391 3234 deo
412 3175 578 3246 tribuemus
594 3195 666 3249 quae
687 3183 799 3234 constat
819 3196 854 3234 ex
872 3176 989 3234 scientia

1045 3315 1107 3408 A
