2220 3432
297 91 367 140 LIB.
378 89 427 152 IL,
439 91 517 142 GAP.
529 91 723 154 XV.-XVIII.,
736 91 751 152 ἓ
763 93 853 142 42-47.
963 95 995 143 63

153 191 189 250 Ι11
204 212 261 271 quo
275 191 348 250 nihil
364 199 407 250 est
418 191 561 250 difficilius
576 213 662 271 quam
679 213 697 250 a
710 194 916 252 consuetudine
931 214 996 252 ocu-

152 273 246 330 lomm
261 274 350 330 aciem
365 274 470 331 mentis
485 273 632 331 abducere.
665 273 708 330 Ea
719 272 871 332 difficultas
881 275 996 332 induxit

152 361 183 410 et
199 353 285 430 vulgo
302 354 451 430 imperitos
472 360 501 410 et
522 353 628 410 similes
644 353 833 430 philosophos
850 355 996 430 imperito-

152 453 225 504 rum,
238 441 271 490 ut
287 433 343 489 nisi
359 433 458 509 figuris
479 433 629 491 hominum
652 434 817 491 constitutis
838 434 911 491 nihil
931 454 995 511 pos-

142 520 216 570 ·seut
230 513 266 570 de
280 513 325 570 dis
339 513 549 571 immortalibus
566 514 700 590 cogitare.
743 513 833 571 Cuius
850 515 995 591 opinionis

151 593 252 651 levitas
273 593 422 651 confutata
443 613 460 650 a
479 593 568 651 Cotta
588 612 645 650 nou
670 593 813 651 desiderat
833 595 993 652 orationem

150 692 254 730 meam,
289 672 347 731 Sed
360 692 426 730 cum
437 673 523 731 talem
538 693 598 730 esse
613 673 699 731 deum
714 681 790 731 certa
803 674 922 731 notione
937 676 995 731 ani-

150 753 193 810 mi
207 753 440 830 praeseutiamus,
452 753 577 830 primum
594 760 627 810 ut
641 755 678 811 sit
692 754 830 825 animans,
843 754 947 812 deinde
962 762 995 812 ut

150 833 181 890 in
197 833 277 890 omni
287 839 389 890 natura
399 832 471 890 nihil
483 853 517 890 eo
529 835 566 890 sit
577 835 776 910 praestantius,
784 834 821 891 ad
832 833 906 892 hanc
916 854 995 912 prac-

151 914 313 970 sensionem
335 912 541 991 notionemque
563 923 691 971 nostram
714 914 786 970 nihil
807 914 892 972 video
916 915 994 991 quod

150 993 249 1069 potius
269 993 484 1050 accommodem
506 1012 591 1071 quam
614 1001 646 1051 ut
662 995 788 1070 primum
805 994 881 1052 hunc
898 995 993 1071 ipsum

150 1072 372 1149 mundumque
389 1073 461 1130 nihil
479 1074 661 1131 excellentius
675 1073 736 1131 fieri
751 1081 855 1151 potest,
867 1075 994 1131 animan-

150 1161 210 1209 tem
224 1171 285 1210 esse
300 1161 329 1210 et
340 1153 426 1210 deum
437 1153 570 1212 iudicem.
606 1159 653 1211 46.
670 1154 727 1211 Hic
743 1174 828 1230 quam
840 1154 917 1211 volet
927 1154 994 1230 Epi·
1019 1221 1020 1224 Ἴ

150 1251 234 1289 cums
247 1233 365 1304 iocatur,
373 1233 462 1290 homo
475 1253 534 1291 non
549 1234 713 1312 aptissimus
727 1235 764 1291 ad
775 1234 927 1291 iocandum
942 1235 994 1291 mi-

149 1313 285 1389 nimequc
299 1314 436 1390 resipiens
453 1314 585 1390 patriam,
598 1321 627 1372 et
641 1315 718 1371 dicat
733 1334 761 1370 se
779 1333 836 1371 non
854 1333 938 1390 posse
952 1314 994 1370 iu·

150 1392 284 1470 tellegcre
299 1393 390 1470 qualis
405 1394 442 1450 sit
456 1394 590 1451 volubilis
604 1401 633 1451 et
647 1394 788 1452 rotundus
805 1394 883 1464 dena,
895 1401 993 1451 tamen

149 1492 185 1529 ex
199 1472 263 1543 hoc,
274 1473 352 1550 quod
367 1474 453 1530 etiam
468 1474 529 1550 ipse
543 1474 654 1551 probat,
664 1492 823 1550 numquam
837 1493 885 1530 me
898 1493 993 1530 move-

149 1552 201 1610 bit.
238 1553 337 1611 Placet
351 1553 428 1610 euim
442 1552 484 1610 illi
499 1573 559 1610 esse
574 1553 651 1624 deos,
660 1554 726 1631 quia
739 1573 853 1610 necesse
868 1554 905 1610 sit
915 1573 994 1630 prae-

150 1640 274 1690 stantem
296 1651 356 1692 esse
376 1633 500 1710 aliquam
517 1640 647 1690 naturam
667 1653 722 1710 qua
738 1633 810 1691 nihil
828 1634 865 1691 sit
881 1633 991 1692 melius.

150 1712 261 1770 Mundo
278 1721 373 1770 autem
392 1721 467 1771 certe
487 1713 560 1770 nihil
578 1721 621 1771 est
638 1714 747 1771 melius.
790 1713 851 1771 Nec
872 1713 991 1771 dubium

150 1793 229 1870 quin,
240 1793 316 1870 quod
327 1794 457 1851 animans
469 1794 506 1850 sit
516 1793 676 1870 habeatque
687 1813 799 1851 sensum
813 1793 992 1852 strationem

150 1881 180 1931 et
196 1880 331 1944 mentem,
346 1874 378 1930 id
395 1873 432 1930 sit
448 1873 550 1930 melius
572 1893 657 1950 quam
674 1874 713 1944 id,
730 1873 808 1951 quod
824 1874 869 1931 his
890 1883 990 1932 careat.

150 1953 198 2011 47.
217 1952 263 2010 Ita
283 1953 405 2011 efficitur
425 1954 609 2023 animantem,
626 1972 731 2024 sensus,
748 1955 862 2026 mentis,
873 1955 993 2012 rationis

140 2033 373 2091 mundum'esse
394 2039 566 2110 compotem.
610 2032 673 2100 Qua
694 2034 804 2091 ratione
825 2035 911 2092 deum
933 2053 993 2090 esso

140 2114 291 2170 mundum
308 2113 496 2171 concluditur.
539 2112 597 2170 Sed
611 2112 681 2170 haec
698 2113 784 2189 paulo
801 2121 866 2191 post
880 2113 993 2171 facilius

150 2199 360 2268 coguoscentur
376 2193 461 2250 exiis
478 2192 562 2250 rebus
576 2193 654 2270 ipsis,
668 2213 738 2270 quas
754 2194 880 2251 mundus
897 2193 991 2250 efficit.

149 2272 265 2331 XVIII.
284 2272 404 2345 Interea,
412 2273 513 2344 Vellei,
524 2273 592 2344 noli,
604 2292 716 2350 quaeso,
728 2293 796 2350 prae
810 2281 839 2330 te
853 2274 927 2331 ferre
942 2293 993 2330 vos

150 2353 234 2431 plane
251 2360 379 2430 expertes
394 2373 454 2410 esse
468 2353 622 2410 doctrinae.
658 2353 771 2410 Cenum
783 2353 837 2410 tibi
849 2354 890 2410 ais
904 2360 933 2410 et
947 2373 992 2429 cy-

149 2433 273 2490 lindrum
283 2441 312 2490 et
318 2433 498 2510 pyramidem
506 2432 697 2510 pulchriorem
705 2452 790 2510 quam
801 2433 949 2510 sphaeram
955 2433 994 2490 vi-

149 2513 218 2570 deri.
251 2513 365 2570 Novum
377 2513 464 2571 etiam
474 2512 620 2570 oculorum
631 2513 768 2570 iudicium
779 2513 898 2571 habetis
935 2512 993 2570 Sed

149 2593 208 2649 siut
222 2592 276 2650 ista
292 2593 455 2669 pulchriora
471 2593 622 2650 dumtaxat
635 2599 760 2669 aspectu,
774 2593 852 2669 quod
865 2592 939 2650 mihi
954 2600 994 2650 ta-

148 2691 215 2729 men
232 2673 327 2749 ipsum
345 2691 404 2730 nou
419 2673 547 2730 videtur:
570 2671 640 2749 quid
658 2673 734 2729 enim
751 2671 897 2748 pulchrius
914 2692 947 2731 ea
963 2673 994 2728 fi-

148 2771 227 2829 gura,
241 2771 313 2829 quae
330 2753 391 2810 sola
411 2771 511 2810 omnes
530 2752 599 2809 alias
615 2751 720 2829 figuras
736 2752 886 2829 complexa
904 2753 994 2810 conti-

147 2839 198 2889 net
210 2851 339 2910 quaeque
353 2832 425 2890 nihil
440 2833 601 2910 asperitatis
614 2831 727 2903 habere,
738 2832 810 2889 nihil
826 2832 993 2890 offensionis

147 2919 254 2989 potest,
270 2913 342 2969 nihil
359 2913 482 2970 incisum
499 2912 619 2989 angulis
634 2911 707 2968 nihil
724 2910 908 2984 anfractibus,
920 2913 993 2969 nihil

148 2993 286 3064 eminens,
293 2992 365 3049 nihil
376 2993 561 3050 lacunosum?
577 3010 700 3068 cumque
711 2991 784 3048 duae
794 2993 904 3049 fonnae
915 3011 993 3070 prac-

149 3073 341 3130 stantissimae
356 3073 421 3143 sint,
433 3091 467 3130 ex
479 3071 577 3128 solidis
587 3070 771 3146 globus-sic
783 3071 859 3128 cnim
872 3081 993 3148 σφαῖραν

148 3153 331 3230 interpretari
342 3153 512 3229 placet—ex
523 3149 616 3226 planis
630 3157 724 3206 autem
741 3151 832 3207 circus
846 3160 895 3208 aut
907 3153 991 3220 orbis,
