2224 3446
130 106 178 153 214
388 104 437 153 DE
457 102 706 153 DIVINATIONE.

130 204 182 275 dit,
198 204 230 262 id
246 209 271 261 si
286 205 389 276 evenit,
405 211 550 262 ostentum
567 223 628 261 csse
647 210 751 261 censet.
794 203 901 262 Utrum
919 204 971 280 igi·
1023 267 1026 271 ,

130 291 185 355 tur,
201 304 266 342 cum
289 285 421 361 concepit
443 285 521 342 mula
541 303 577 340 an
599 303 665 341 cum
685 283 805 361 peperit,
824 289 971 340 ostentum

130 365 192 421 cst?
234 371 279 422 50.
302 364 461 440 Conceptio
489 371 589 420 contra
615 371 746 420 naturam
771 363 899 434 fortasse,
921 363 972 420 sed

130 452 228 520 partus
245 463 334 521 prope
350 444 530 500 necessarius.
572 442 688 501 XXIII.
711 443 769 499 Sed
786 443 855 519 quid
872 442 972 518 plural

130 533 226 581 ortum
240 524 387 580 videamus
401 522 614 599 haruspicinae:
636 523 676 579 sic
690 521 825 580 facillime
841 522 910 599 quid
924 522 974 579 ha-

130 603 197 661 beat
215 603 393 660 auctoritatis
410 603 608 660 iudicabimus.
650 601 743 678 Tages
765 601 881 678 quidam
903 601 973 659 dici-

129 692 177 740 tur
193 684 223 740 in
241 702 309 759 agro
330 682 537 758 Tarquiniensi,
553 701 619 739 cnm
635 689 711 739 terra
727 688 852 738 araretur
872 688 902 738 et
918 681 974 737 sul-

130 783 181 820 cus
197 763 283 819 altius
299 769 373 820 esset
389 763 551 838 impressus,
567 762 708 819 exstitisse
724 767 842 837 repente
859 767 889 818 et
905 780 973 817 eum

130 843 245 900 adfatus
260 861 327 912 esse,
341 842 390 917 qui
401 841 506 899 arabat.
548 840 577 898 Is
588 848 684 899 autern
695 840 795 918 Tages,
808 841 881 898 utin
892 839 973 896 libris

130 930 175 979 est
190 922 384 990 Etruscorum,
400 920 502 998 puerili
522 921 616 997 specie
632 921 738 978 dicitur
755 921 840 990 visus,
856 919 906 976 scd
932 939 974 976 se

130 1001 183 1058 nili
199 1002 288 1058 fuisse
304 1001 464 1077 prudentia
506 1001 577 1058 Eius
593 1008 710 1078 aspectu
731 1020 798 1058 cum
819 999 975 1076 obstipuis-

131 1089 175 1138 set
187 1080 329 1139 buhulcus
345 1080 555 1157 clamoremque
572 1081 711 1138 maiorem
728 1099 794 1137 curu
808 1080 974 1137 admiratio

132 1181 168 1218 ne
182 1161 326 1231 edidisset,
339 1179 508 1217 concursum
526 1179 586 1217 csse
602 1161 713 1218 facturn
729 1167 878 1237 totamque
892 1159 973 1216 brevi
1000 1190 1007 1205 ·

131 1247 261 1318 tempore
277 1241 308 1298 in
325 1260 391 1298 eum
405 1241 500 1298 locum
515 1240 659 1298 Etruriam
677 1241 851 1310 convenisse,
863 1247 927 1297 tum
941 1238 974 1295 il·

131 1320 192 1378 lum
214 1320 296 1397 plura
318 1320 446 1378 locutum
472 1320 570 1378 multis
595 1320 785 1389 audientibus,
802 1320 852 1396 qui
875 1319 974 1376 omnia

133 1401 193 1457 eius
214 1401 299 1458 verba
315 1401 479 1477 exceperint
495 1401 654 1478 litterisque
675 1400 890 1456 mandaverint:
913 1418 975 1456 om—

127 1477 199 1537 ¹nem
216 1489 311 1537 autem
333 1481 492 1538 orationem
509 1481 599 1538 fuisse
615 1500 686 1550 cam,
703 1499 760 1557 qua
775 1479 974 1555 haruspicinae

132 1560 283 1637 disciplina
303 1561 513 1617 contineretur:
542 1580 604 1618 eam
626 1566 727 1637 postea
746 1559 867 1616 crevisse
888 1558 974 1616 rebus

132 1641 215 1697 novis
235 1641 441 1717 cognoscendis
458 1641 540 1698 etad
557 1641 656 1698 cadem
674 1639 722 1696 illa
738 1639 879 1716 principia
899 1638 974 1696 refe-

133 1721 242 1802 rendis,
278 1721 358 1778 Hacc
375 1721 536 1796 accepimus
553 1721 589 1777 ah
606 1721 683 1797 ipsis,
696 1719 766 1776 haec
783 1720 889 1795 scripta
906 1737 973 1776 con·

132 1807 253 1870 servant,
265 1799 342 1858 hunc
356 1801 469 1857 fontem
484 1800 591 1857 habent
602 1799 779 1876 disciplinae.
822 1805 869 1856 51.
892 1798 973 1855 Num

132 1899 201 1956 crgo
226 1899 299 1956 opus
322 1887 366 1937 est
388 1879 515 1937 adhaec
540 1880 695 1937 refellenda
718 1877 882 1936 Oamcadel
902 1897 974 1934 num

133 1959 276 2036 Epicuro?
317 1959 405 2016 Estne
425 1960 575 2036 quisquam
593 1961 633 2016 ita
650 1959 793 2036 desipiens
810 1959 859 2034 qui
876 1957 974 2015 credat

133 2047 279 2095 exaratum
293 2058 353 2096 esse
368 2039 453 2095 deum
468 2039 562 2096 dicam
576 2059 610 2096 an
627 2039 792 2096 homineml
833 2038 864 2095 Si
875 2038 971 2108 deum,

133 2139 184 2176 cur
206 2138 236 2176 se
258 2126 357 2176 contra
379 2126 509 2176 naturam
530 2120 559 2176 in
581 2126 684 2176 terram
707 2118 827 2188 abdidit,
843 2124 876 2175 ut
896 2125 974 2194 pate

134 2199 228 2256 factus
245 2206 337 2256 aratro
355 2199 446 2255 lucem
465 2199 621 2276 aspiceret?
662 2198 758 2267 quiet
783 2198 859 2255 idem
877 2216 973 2254 nonne

134 2286 247 2354 poterat
261 2279 331 2336 deus
345 2277 511 2336 homiuibus
524 2279 706 2355 disciplinam
721 2278 864 2355 superiore
879 2296 895 2334 c
909 2277 973 2334 loco

134 2359 263 2416 traderet
303 2358 335 2416 si
359 2364 456 2415 autem
476 2358 565 2416 homo
586 2358 633 2416 ille
653 2358 746 2434 Tages
766 2358 831 2428 fuit,
848 2376 973 2434 quonam

134 2439 223 2495 modo
238 2439 334 2515 potuit
347 2445 422 2496 terra
437 2457 590 2516 oppressus
603 2439 715 2496 viveret
736 2437 812 2494 unde
826 2456 912 2514 porro
925 2437 975 2493 illa

134 2519 324 2596 potuitquae
341 2519 462 2576 docebat
479 2518 557 2589 alios,
573 2519 635 2595 ipse
652 2518 803 2575 didicisset
845 2516 902 2574 Sed
919 2535 974 2592 ego

135 2597 315 2674 insipientior
332 2617 418 2674 quam
434 2598 476 2655 illi
494 2599 557 2676 ipsi,
571 2598 621 2674 qui
637 2598 692 2655 ista
708 2598 836 2666 credunt,
850 2597 899 2673 qui
914 2596 975 2672 qui-

135 2677 201 2733 dem
224 2685 323 2734 contra
337 2697 386 2734 eos
402 2685 461 2734 tam
480 2678 530 2735 diu
547 2678 700 2755 disputem,
743 2676 857 2733 XXIV.
880 2676 975 2733 Vetus

135 2764 231 2813 autem
246 2757 317 2812 illud
332 2757 450 2815 Catonis
464 2757 620 2815 admodum
635 2758 737 2814 scitum
753 2764 803 2826 est,
817 2756 866 2832 qui
877 2755 975 2812 mirari

136 2855 165 2891 sc
180 2835 273 2892 aiebat
288 2836 365 2913 quod
376 2854 434 2892 non
445 2837 550 2894 rideret
559 2837 709 2913 haruspex,
720 2836 898 2912 haruspicem
908 2854 974 2892 cum

135 2915 260 2971 vidisset.
305 2921 350 2972 52.
374 2914 469 2984 Quota
486 2917 563 2973 enim
580 2936 708 2994 quaeque
725 2936 769 2973 res
786 2915 881 2972 evenit
897 2934 975 2991 prac-

135 2994 214 3050 dicta
232 2993 267 3050 ab
285 2994 365 3052 istisl
389 3003 438 3052 aut
455 2997 479 3052 si
496 2996 592 3054 evenit
609 2997 765 3073 quippiam,
781 2996 852 3072 quid
868 2993 975 3052 adferri

135 3078 232 3147 potest
249 3092 299 3130 cur
315 3093 373 3130 non
388 3094 453 3132 casu
467 3075 499 3132 id
513 3076 656 3133 eveneritl
696 3075 757 3134 ch
772 3075 896 3144 Prusias,
909 3093 975 3133 cum

135 3151 293 3209 Hannibali
313 3154 390 3229 apud
411 3173 477 3212 eum
498 3154 639 3214 exsulanti
659 3156 818 3234 depugnari
841 3154 974 3232 placeret,
