<?xml version="1.0" encoding="UTF-8"?>
<!DOCTYPE html PUBLIC "-//W3C//DTD XHTML 1.0 Transitional//EN"
    "http://www.w3.org/TR/xhtml1/DTD/xhtml1-transitional.dtd">
<html xmlns="http://www.w3.org/1999/xhtml" xml:lang="en" lang="en">
 <head>
  <title>
</title>
<meta http-equiv="Content-Type" content="text/html;charset=utf-8" />
  <meta name='ocr-system' content='tesseract 3.04.00' />
  <meta name='ocr-capabilities' content='ocr_page ocr_carea ocr_par ocr_line ocrx_word'/>
</head>
<body>
  <div class='ocr_page' id='page_1' title='image "./mtulliiciceroni106cicegoog/mtulliiciceroni106cicegoog_0154.png"; bbox 0 0 2242 3436; ppageno 0'>
   <div class='ocr_carea' id='block_1_1' title="bbox 292 147 978 199">
    <p class='ocr_par' dir='ltr' id='par_1_1' title="bbox 292 147 978 199">
     <span class='ocr_line' id='line_1_1' title="bbox 292 147 978 199; baseline 0.004 -4"><span class='ocrx_word' id='word_1_1' title='bbox 292 147 341 195; x_wconf 86' lang='lat' dir='ltr'><em>DE</em></span> <span class='ocrx_word' id='word_1_2' title='bbox 358 148 508 197; x_wconf 86' lang='lat' dir='ltr'><strong>NATURA</strong></span> <span class='ocrx_word' id='word_1_3' title='bbox 525 148 677 198; x_wconf 82' lang='lat' dir='ltr'>DEORUM</span> <span class='ocrx_word' id='word_1_4' title='bbox 694 150 828 199; x_wconf 85' lang='lat' dir='ltr'><strong>FRAGM.</strong></span> <span class='ocrx_word' id='word_1_5' title='bbox 930 151 978 198; x_wconf 89' lang='grc'><em>143</em></span> 
     </span>
    </p>
   </div>
   <div class='ocr_carea' id='block_1_2' title="bbox 135 246 978 884">
    <p class='ocr_par' dir='ltr' id='par_1_2' title="bbox 135 246 978 884">
     <span class='ocr_line' id='line_1_2' title="bbox 136 246 978 321; baseline 0.004 -20"><span class='ocrx_word' id='word_1_6' title='bbox 136 246 366 320; x_wconf 75' lang='lat' dir='ltr'><em>splendoremque</em></span> <span class='ocrx_word' id='word_1_7' title='bbox 380 249 514 304; x_wconf 68' lang='lat' dir='ltr'><em>sermonis</em></span> <span class='ocrx_word' id='word_1_8' title='bbox 520 249 582 321; x_wconf 78' lang='lat' dir='ltr'><em>peti</em></span> <span class='ocrx_word' id='word_1_9' title='bbox 596 249 631 304; x_wconf 81' lang='lat' dir='ltr'><em>ab</em></span> <span class='ocrx_word' id='word_1_10' title='bbox 643 249 692 304; x_wconf 80' lang='lat' dir='ltr'><em>ltoe</em></span> <span class='ocrx_word' id='word_1_11' title='bbox 703 249 804 319; x_wconf 76' lang='lat' dir='ltr'><em>eliaam,</em></span> <span class='ocrx_word' id='word_1_12' title='bbox 815 267 879 304; x_wconf 91' lang='lat' dir='ltr'><em>eum</em></span> <span class='ocrx_word' id='word_1_13' title='bbox 890 249 978 305; x_wconf 81' lang='lat' dir='ltr'><em>selam</em></span> 
     </span>
     <span class='ocr_line' id='line_1_3' title="bbox 136 329 978 402; baseline 0.002 -20"><span class='ocrx_word' id='word_1_14' title='bbox 136 345 192 382; x_wconf 79' lang='lat' dir='ltr'><em>esse</em></span> <span class='ocrx_word' id='word_1_15' title='bbox 202 345 258 382; x_wconf 93' lang='lat' dir='ltr'><em>uon</em></span> <span class='ocrx_word' id='word_1_16' title='bbox 264 345 380 399; x_wconf 77' lang='lat' dir='ltr'><em>paucos,</em></span> <span class='ocrx_word' id='word_1_17' title='bbox 391 329 442 400; x_wconf 82' lang='lat' dir='ltr'><em>qul</em></span> <span class='ocrx_word' id='word_1_18' title='bbox 452 337 616 384; x_wconf 78' lang='lat' dir='ltr'><em>aversentur</em></span> <span class='ocrx_word' id='word_1_19' title='bbox 629 337 654 384; x_wconf 91' lang='lat' dir='ltr'><em>et</em></span> <span class='ocrx_word' id='word_1_20' title='bbox 657 329 781 402; x_wconf 70' lang='lat' dir='ltr'><em>fuqiaut</em></span> <span class='ocrx_word' id='word_1_21' title='bbox 790 329 876 385; x_wconf 78' lang='lat' dir='ltr'><em>libros</em></span> <span class='ocrx_word' id='word_1_22' title='bbox 886 329 919 384; x_wconf 88' lang='lat' dir='ltr'><em>ele</em></span> <span class='ocrx_word' id='word_1_23' title='bbox 928 329 978 384; x_wconf 82' lang='lat' dir='ltr'><em>ltoa</em></span> 
     </span>
     <span class='ocr_line' id='line_1_4' title="bbox 136 407 978 482; baseline 0.002 -22"><span class='ocrx_word' id='word_1_24' title='bbox 136 407 205 475; x_wconf 74' lang='lat' dir='ltr'><em>elue,</em></span> <span class='ocrx_word' id='word_1_25' title='bbox 218 426 265 463; x_wconf 86' lang='lat' dir='ltr'><em>neo</em></span> <span class='ocrx_word' id='word_1_26' title='bbox 281 407 312 462; x_wconf 83' lang='lat' dir='ltr'><em>iu</em></span> <span class='ocrx_word' id='word_1_27' title='bbox 328 426 427 463; x_wconf 89' lang='lat' dir='ltr'><em>aurem</em></span> <span class='ocrx_word' id='word_1_28' title='bbox 444 409 531 464; x_wconf 79' lang='lat' dir='ltr'><em>uelint</em></span> <span class='ocrx_word' id='word_1_29' title='bbox 547 409 695 464; x_wconf 74' lang='lat' dir='ltr'><em>admittere</em></span> <span class='ocrx_word' id='word_1_30' title='bbox 713 409 855 465; x_wconf 77' lang='lat' dir='ltr'><em>lectionem</em></span> <span class='ocrx_word' id='word_1_31' title='bbox 871 409 978 482; x_wconf 81' lang='lat' dir='ltr'><em>opinio</em></span> 
     </span>
     <span class='ocr_line' id='line_1_5' title="bbox 135 489 978 561; baseline 0.005 -21"><span class='ocrx_word' id='word_1_32' title='bbox 135 505 207 540; x_wconf 90' lang='lat' dir='ltr'><em>num</em></span> <span class='ocrx_word' id='word_1_33' title='bbox 232 505 352 542; x_wconf 77' lang='lat' dir='ltr'><em>suarum</em></span> <span class='ocrx_word' id='word_1_34' title='bbox 370 496 558 560; x_wconf 75' lang='lat' dir='ltr'><em>praesumpta</em></span> <span class='ocrx_word' id='word_1_35' title='bbox 583 490 743 558; x_wconf 80' lang='lat' dir='ltr'><em>uincentem,</em></span> <span class='ocrx_word' id='word_1_36' title='bbox 762 507 881 561; x_wconf 81' lang='lat' dir='ltr'><em>eumque</em></span> <span class='ocrx_word' id='word_1_37' title='bbox 904 489 978 544; x_wconf 73' lang='lat' dir='ltr'><em>ullor</em></span> 
     </span>
     <span class='ocr_line' id='line_1_6' title="bbox 136 566 977 641; baseline 0.004 -22"><span class='ocrx_word' id='word_1_38' title='bbox 136 566 257 620; x_wconf 77' lang='lat' dir='ltr'><em>audiam</em></span> <span class='ocrx_word' id='word_1_39' title='bbox 274 567 425 624; x_wconf 78' lang='lat' dir='ltr'><em>mussitare</em></span> <span class='ocrx_word' id='word_1_40' title='bbox 439 569 620 640; x_wconf 70' lang='lat' dir='ltr'><em>lnellananteo</em></span> <span class='ocrx_word' id='word_1_41' title='bbox 637 576 663 624; x_wconf 92' lang='lat' dir='ltr'><em>et</em></span> <span class='ocrx_word' id='word_1_42' title='bbox 676 568 764 624; x_wconf 76' lang='lat' dir='ltr'><em>elleere</em></span> <span class='ocrx_word' id='word_1_43' title='bbox 781 577 905 641; x_wconf 79' lang='lat' dir='ltr'><em>oportere</em></span> <span class='ocrx_word' id='word_1_44' title='bbox 921 576 977 623; x_wconf 80' lang='lat' dir='ltr'><em>eta-</em></span> 
     </span>
     <span class='ocr_line' id='line_1_7' title="bbox 138 645 977 721; baseline 0.005 -22"><span class='ocrx_word' id='word_1_45' title='bbox 138 645 182 700; x_wconf 82' lang='lat' dir='ltr'><em>tul</em></span> <span class='ocrx_word' id='word_1_46' title='bbox 194 664 248 718; x_wconf 78' lang='lat' dir='ltr'><em>per</em></span> <span class='ocrx_word' id='word_1_47' title='bbox 268 654 406 716; x_wconf 74' lang='lat' dir='ltr'><em>senatum,</em></span> <span class='ocrx_word' id='word_1_48' title='bbox 418 647 586 703; x_wconf 78' lang='lat' dir='ltr'><em>aboleantur</em></span> <span class='ocrx_word' id='word_1_49' title='bbox 606 655 640 703; x_wconf 94' lang='lat' dir='ltr'><em>ut</em></span> <span class='ocrx_word' id='word_1_50' title='bbox 660 649 725 704; x_wconf 82' lang='lat' dir='ltr'><em>ltaee</em></span> <span class='ocrx_word' id='word_1_51' title='bbox 747 649 861 721; x_wconf 75' lang='lat' dir='ltr'><em>scripta,</em></span> <span class='ocrx_word' id='word_1_52' title='bbox 874 648 977 721; x_wconf 74' lang='lat' dir='ltr'><em>quibua</em></span> 
     </span>
     <span class='ocr_line' id='line_1_8' title="bbox 141 724 978 800; baseline 0.001 -19"><span class='ocrx_word' id='word_1_53' title='bbox 141 724 309 781; x_wconf 74' lang='lat' dir='ltr'><em>Christiana</em></span> <span class='ocrx_word' id='word_1_54' title='bbox 331 727 431 798; x_wconf 69' lang='lat' dir='ltr'><em>rellylo</em></span> <span class='ocrx_word' id='word_1_55' title='bbox 452 728 646 799; x_wconf 83' lang='lat' dir='ltr'><em>comprobetur</em></span> <span class='ocrx_word' id='word_1_56' title='bbox 667 734 694 783; x_wconf 94' lang='lat' dir='ltr'><em>et</em></span> <span class='ocrx_word' id='word_1_57' title='bbox 716 729 864 784; x_wconf 73' lang='lat' dir='ltr'><em>uetustatis</em></span> <span class='ocrx_word' id='word_1_58' title='bbox 884 728 978 800; x_wconf 81' lang='lat' dir='ltr'><em>oppri-</em></span> 
     </span>
     <span class='ocr_line' id='line_1_9' title="bbox 135 806 915 884; baseline 0.006 -25"><span class='ocrx_word' id='word_1_59' title='bbox 135 813 235 860; x_wconf 91' lang='lat' dir='ltr'><em>matur</em></span> <span class='ocrx_word' id='word_1_60' title='bbox 248 806 427 864; x_wconf 80' lang='lat' dir='ltr'><em>auetorltae?</em></span> <span class='ocrx_word' id='word_1_61' title='bbox 467 807 621 878; x_wconf 73' lang='lat' dir='ltr'><em>ArnobiuS,</em></span> <span class='ocrx_word' id='word_1_62' title='bbox 634 807 682 864; x_wconf 88' lang='lat' dir='ltr'><em>lib.</em></span> <span class='ocrx_word' id='word_1_63' title='bbox 693 807 756 879; x_wconf 84' lang='lat' dir='ltr'><em>HL,</em></span> <span class='ocrx_word' id='word_1_64' title='bbox 770 827 830 884; x_wconf 81' lang='lat' dir='ltr'><em>cap.</em></span> <span class='ocrx_word' id='word_1_65' title='bbox 843 813 859 864; x_wconf 88' lang='lat'>6</span> <span class='ocrx_word' id='word_1_66' title='bbox 875 827 915 884; x_wconf 90' lang='lat' dir='ltr'><em>sq.</em></span> 
     </span>
    </p>
   </div>
   <div class='ocr_carea' id='block_1_3' title="bbox 134 951 977 1270">
    <p class='ocr_par' dir='ltr' id='par_1_3' title="bbox 134 951 977 1270">
     <span class='ocr_line' id='line_1_10' title="bbox 176 951 977 1022; baseline 0.002 -14"><span class='ocrx_word' id='word_1_67' title='bbox 176 951 278 1008; x_wconf 83' lang='lat' dir='ltr'><em>Cicero</em></span> <span class='ocrx_word' id='word_1_68' title='bbox 295 952 331 1009; x_wconf 88' lang='lat' dir='ltr'><em>de</em></span> <span class='ocrx_word' id='word_1_69' title='bbox 348 959 450 1010; x_wconf 81' lang='lat' dir='ltr'><em>natura</em></span> <span class='ocrx_word' id='word_1_70' title='bbox 470 953 589 1010; x_wconf 83' lang='lat' dir='ltr'><em>deorum</em></span> <span class='ocrx_word' id='word_1_71' title='bbox 606 952 654 1010; x_wconf 90' lang='lat' dir='ltr'><em>lib.</em></span> <span class='ocrx_word' id='word_1_72' title='bbox 668 953 721 1012; x_wconf 91' lang='grc' dir='ltr'><strong>ΙΙΙ.</strong></span> <span class='ocrx_word' id='word_1_73' title='bbox 765 953 869 1022; x_wconf 80' lang='lat' dir='ltr'><em>“Quin</em></span> <span class='ocrx_word' id='word_1_74' title='bbox 890 954 977 1011; x_wconf 85' lang='lat' dir='ltr'><em>etiam</em></span> 
     </span>
     <span class='ocr_line' id='line_1_11' title="bbox 134 1033 977 1110; baseline 0.002 -22"><span class='ocrx_word' id='word_1_75' title='bbox 134 1038 276 1108; x_wconf 74' lang='lat' dir='ltr'><em>gustatuS,</em></span> <span class='ocrx_word' id='word_1_76' title='bbox 287 1034 336 1110; x_wconf 92' lang='lat' dir='ltr'><em>qui</em></span> <span class='ocrx_word' id='word_1_77' title='bbox 348 1039 391 1089; x_wconf 82' lang='lat' dir='ltr'><em>est</em></span> <span class='ocrx_word' id='word_1_78' title='bbox 405 1052 503 1089; x_wconf 86' lang='lat' dir='ltr'><em>sensus</em></span> <span class='ocrx_word' id='word_1_79' title='bbox 518 1053 552 1090; x_wconf 83' lang='lat' dir='ltr'><em>ex</em></span> <span class='ocrx_word' id='word_1_80' title='bbox 567 1034 700 1090; x_wconf 89' lang='lat' dir='ltr'><em>omnibus</em></span> <span class='ocrx_word' id='word_1_81' title='bbox 715 1034 838 1091; x_wconf 83' lang='lat' dir='ltr'><em>maxime</em></span> <span class='ocrx_word' id='word_1_82' title='bbox 849 1033 977 1110; x_wconf 84' lang='lat' dir='ltr'><em>volupta-</em></span> 
     </span>
     <span class='ocr_line' id='line_1_12' title="bbox 135 1112 977 1190; baseline 0.002 -22"><span class='ocrx_word' id='word_1_83' title='bbox 135 1112 195 1168; x_wconf 88' lang='lat' dir='ltr'><em>rius</em></span> <span class='ocrx_word' id='word_1_84' title='bbox 213 1119 318 1189; x_wconf 88' lang='lat' dir='ltr'><em>quique</em></span> <span class='ocrx_word' id='word_1_85' title='bbox 336 1112 512 1170; x_wconf 81' lang='lat' dir='ltr'><em>dulcitudine</em></span> <span class='ocrx_word' id='word_1_86' title='bbox 529 1121 641 1190; x_wconf 83' lang='lat' dir='ltr'><em>praeter</em></span> <span class='ocrx_word' id='word_1_87' title='bbox 657 1121 765 1171; x_wconf 82' lang='lat' dir='ltr'><em>ceteros</em></span> <span class='ocrx_word' id='word_1_88' title='bbox 787 1133 977 1173; x_wconf 70' lang='lat' dir='ltr'><em>sensuaoom·</em></span> 
     </span>
     <span class='ocr_line' id='line_1_13' title="bbox 135 1192 950 1270; baseline 0.004 -23"><span class='ocrx_word' id='word_1_89' title='bbox 135 1192 294 1250; x_wconf 86' lang='lat' dir='ltr'><em>movetur.’&#39;</em></span> <span class='ocrx_word' id='word_1_90' title='bbox 311 1197 312 1200; x_wconf 72' lang='grc'>’</span> <span class='ocrx_word' id='word_1_91' title='bbox 332 1192 473 1250; x_wconf 84' lang='lat' dir='ltr'><em>Nonius</em></span> <span class='ocrx_word' id='word_1_92' title='bbox 495 1192 647 1251; x_wconf 81' lang='lat' dir='ltr'><em>Marcell.</em></span> <span class='ocrx_word' id='word_1_93' title='bbox 660 1213 688 1270; x_wconf 90' lang='lat' dir='ltr'><em>p.</em></span> <span class='ocrx_word' id='word_1_94' title='bbox 700 1200 746 1264; x_wconf 88' lang='grc'><em>96,</em></span> <span class='ocrx_word' id='word_1_95' title='bbox 759 1201 795 1250; x_wconf 89' lang='grc'><em>30</em></span> <span class='ocrx_word' id='word_1_96' title='bbox 812 1194 855 1251; x_wconf 87' lang='lat' dir='ltr'><em>ed.</em></span> <span class='ocrx_word' id='word_1_97' title='bbox 866 1193 950 1250; x_wconf 83' lang='lat' dir='ltr'><em>Mero.</em></span> 
     </span>
    </p>
   </div>
   <div class='ocr_carea' id='block_1_4' title="bbox 166 1356 940 1407">
    <p class='ocr_par' dir='ltr' id='par_1_4' title="bbox 166 1356 940 1407">
     <span class='ocr_line' id='line_1_14' title="bbox 166 1356 940 1407; baseline 0 -3"><span class='ocrx_word' id='word_1_98' title='bbox 166 1356 217 1404; x_wconf 89' lang='lat' dir='ltr'><em>EX</em></span> <span class='ocrx_word' id='word_1_99' title='bbox 232 1356 352 1406; x_wconf 82' lang='lat' dir='ltr'>LIBRIS</span> <span class='ocrx_word' id='word_1_100' title='bbox 368 1357 417 1406; x_wconf 86' lang='lat' dir='ltr'><em>DE</em></span> <span class='ocrx_word' id='word_1_101' title='bbox 434 1356 581 1407; x_wconf 82' lang='lat' dir='ltr'><strong>NATURA</strong></span> <span class='ocrx_word' id='word_1_102' title='bbox 597 1357 750 1406; x_wconf 86' lang='lat' dir='ltr'><strong>DEORUM</strong></span> <span class='ocrx_word' id='word_1_103' title='bbox 765 1356 940 1406; x_wconf 82' lang='lat' dir='ltr'><strong>INOERTIS.</strong></span> 
     </span>
    </p>
   </div>
   <div class='ocr_carea' id='block_1_5' title="bbox 133 1461 977 1855">
    <p class='ocr_par' dir='ltr' id='par_1_5' title="bbox 133 1461 977 1855">
     <span class='ocr_line' id='line_1_15' title="bbox 179 1461 977 1520; baseline 0 -2"><span class='ocrx_word' id='word_1_104' title='bbox 179 1461 298 1519; x_wconf 77' lang='lat' dir='ltr'><em>Tullius</em></span> <span class='ocrx_word' id='word_1_105' title='bbox 311 1463 343 1518; x_wconf 84' lang='lat' dir='ltr'><em>ln</em></span> <span class='ocrx_word' id='word_1_106' title='bbox 358 1463 440 1519; x_wconf 74' lang='lat' dir='ltr'><em>tetris</em></span> <span class='ocrx_word' id='word_1_107' title='bbox 456 1463 489 1520; x_wconf 87' lang='lat' dir='ltr'><em>ale</em></span> <span class='ocrx_word' id='word_1_108' title='bbox 505 1471 612 1518; x_wconf 91' lang='lat' dir='ltr'><em>nutura</em></span> <span class='ocrx_word' id='word_1_109' title='bbox 629 1463 746 1519; x_wconf 84' lang='lat' dir='ltr'><em>eteorum</em></span> <span class='ocrx_word' id='word_1_110' title='bbox 763 1462 819 1519; x_wconf 82' lang='lat' dir='ltr'><em>tria</em></span> <span class='ocrx_word' id='word_1_111' title='bbox 833 1461 914 1518; x_wconf 88' lang='lat' dir='ltr'><em>milia</em></span> <span class='ocrx_word' id='word_1_112' title='bbox 930 1481 977 1518; x_wconf 84' lang='lat' dir='ltr'><em>an-</em></span> 
     </span>
     <span class='ocr_line' id='line_1_16' title="bbox 133 1542 977 1619; baseline 0.002 -21"><span class='ocrx_word' id='word_1_113' title='bbox 133 1562 238 1599; x_wconf 86' lang='lat' dir='ltr'><em>norum</em></span> <span class='ocrx_word' id='word_1_114' title='bbox 255 1544 330 1599; x_wconf 74' lang='lat' dir='ltr'><em>aluit</em></span> <span class='ocrx_word' id='word_1_115' title='bbox 345 1563 483 1619; x_wconf 79' lang='lat' dir='ltr'><em>magnum</em></span> <span class='ocrx_word' id='word_1_116' title='bbox 502 1563 609 1600; x_wconf 85' lang='lat' dir='ltr'><em>annum</em></span> <span class='ocrx_word' id='word_1_117' title='bbox 623 1549 727 1600; x_wconf 80' lang='lat' dir='ltr'><em>tenere.</em></span> <span class='ocrx_word' id='word_1_118' title='bbox 780 1542 923 1598; x_wconf 82' lang='lat' dir='ltr'><em>Servius</em></span> <span class='ocrx_word' id='word_1_119' title='bbox 940 1542 977 1600; x_wconf 85' lang='lat' dir='ltr'><em>ad</em></span> 
     </span>
     <span class='ocr_line' id='line_1_17' title="bbox 142 1621 974 1698; baseline 0.001 -20"><span class='ocrx_word' id='word_1_120' title='bbox 142 1623 222 1695; x_wconf 70' lang='lat' dir='ltr'><em>Vera.</em></span> <span class='ocrx_word' id='word_1_121' title='bbox 232 1623 302 1681; x_wconf 81' lang='lat' dir='ltr'><em>Aen.</em></span> <span class='ocrx_word' id='word_1_122' title='bbox 313 1622 360 1680; x_wconf 87' lang='lat' dir='ltr'><em>lib.</em></span> <span class='ocrx_word' id='word_1_123' title='bbox 370 1623 465 1693; x_wconf 83' lang='lat' dir='ltr'>111.,v.</span> <span class='ocrx_word' id='word_1_124' title='bbox 478 1629 544 1694; x_wconf 78' lang='lat'>284,</span> <span class='ocrx_word' id='word_1_125' title='bbox 553 1623 586 1680; x_wconf 86' lang='lat' dir='ltr'><em>ol.</em></span> <span class='ocrx_word' id='word_1_126' title='bbox 596 1623 698 1680; x_wconf 86' lang='lat' dir='ltr'><em>horum</em></span> <span class='ocrx_word' id='word_1_127' title='bbox 708 1622 845 1680; x_wconf 87' lang='lat' dir='ltr'><em>librorum</em></span> <span class='ocrx_word' id='word_1_128' title='bbox 857 1621 904 1692; x_wconf 84' lang='lat' dir='ltr'><em>IL,</em></span> <span class='ocrx_word' id='word_1_129' title='bbox 914 1641 974 1698; x_wconf 88' lang='lat' dir='ltr'><em>oap.</em></span> 
     </span>
     <span class='ocr_line' id='line_1_18' title="bbox 133 1701 974 1780; baseline 0.001 -22"><span class='ocrx_word' id='word_1_130' title='bbox 133 1701 210 1780; x_wconf 76' lang='lat'><em>20,§</em></span> <span class='ocrx_word' id='word_1_131' title='bbox 224 1709 270 1774; x_wconf 89' lang='grc'><em>51,</em></span> <span class='ocrx_word' id='word_1_132' title='bbox 280 1710 308 1761; x_wconf 82' lang='lat' dir='ltr'><em>et</em></span> <span class='ocrx_word' id='word_1_133' title='bbox 319 1704 342 1760; x_wconf 88' lang='lat' dir='ltr'><strong>F</strong></span> <span class='ocrx_word' id='word_1_134' title='bbox 342 1723 431 1780; x_wconf 78' lang='lat' dir='ltr'><em>ragin.</em></span> <span class='ocrx_word' id='word_1_135' title='bbox 442 1704 591 1760; x_wconf 79' lang='lat' dir='ltr'><em>Hortensii</em></span> <span class='ocrx_word' id='word_1_136' title='bbox 606 1723 650 1780; x_wconf 83' lang='lat' dir='ltr'><em>ap.</em></span> <span class='ocrx_word' id='word_1_137' title='bbox 662 1703 751 1761; x_wconf 83' lang='lat' dir='ltr'><em>Serv.</em></span> <span class='ocrx_word' id='word_1_138' title='bbox 763 1703 800 1760; x_wconf 85' lang='lat' dir='ltr'><em>ad</em></span> <span class='ocrx_word' id='word_1_139' title='bbox 814 1702 892 1776; x_wconf 71' lang='lat' dir='ltr'><em>Vera.</em></span> <span class='ocrx_word' id='word_1_140' title='bbox 903 1702 974 1760; x_wconf 86' lang='lat' dir='ltr'><em>Aen.</em></span> 
     </span>
     <span class='ocr_line' id='line_1_19' title="bbox 133 1782 687 1855; baseline 0.002 -16"><span class='ocrx_word' id='word_1_141' title='bbox 133 1782 182 1840; x_wconf 91' lang='lat' dir='ltr'><em>lib.</em></span> <span class='ocrx_word' id='word_1_142' title='bbox 193 1783 261 1854; x_wconf 86' lang='lat' dir='ltr'>1.‚v.</span> <span class='ocrx_word' id='word_1_143' title='bbox 273 1789 340 1855; x_wconf 79' lang='lat'><strong>269,</strong></span> <span class='ocrx_word' id='word_1_144' title='bbox 351 1792 380 1841; x_wconf 80' lang='lat' dir='ltr'><em>et</em></span> <span class='ocrx_word' id='word_1_145' title='bbox 394 1784 431 1841; x_wconf 84' lang='lat' dir='ltr'><em>ad</em></span> <span class='ocrx_word' id='word_1_146' title='bbox 444 1783 492 1841; x_wconf 89' lang='lat' dir='ltr'><em>lib.</em></span> <span class='ocrx_word' id='word_1_147' title='bbox 506 1783 570 1854; x_wconf 79' lang='lat' dir='ltr'><em>HL,</em></span> <span class='ocrx_word' id='word_1_148' title='bbox 583 1804 608 1841; x_wconf 82' lang='lat' dir='ltr'><em>v.</em></span> <span class='ocrx_word' id='word_1_149' title='bbox 621 1789 687 1840; x_wconf 75' lang='lat'><strong>284.</strong></span> 
     </span>
    </p>
   </div>
   <div class='ocr_carea' id='block_1_6' title="bbox 131 1929 976 2090">
    <p class='ocr_par' dir='ltr' id='par_1_6' title="bbox 131 1929 976 2090">
     <span class='ocr_line' id='line_1_20' title="bbox 174 1929 976 2002; baseline 0.002 -16"><span class='ocrx_word' id='word_1_150' title='bbox 174 1972 181 1986; x_wconf 91' lang='lat'><strong>.</strong></span> <span class='ocrx_word' id='word_1_151' title='bbox 194 1973 201 1986; x_wconf 93' lang='lat'><strong>.</strong></span> <span class='ocrx_word' id='word_1_152' title='bbox 214 1973 221 1987; x_wconf 90' lang='lat'>.</span> <span class='ocrx_word' id='word_1_153' title='bbox 233 1930 314 2002; x_wconf 82' lang='lat' dir='ltr'><em>apuel</em></span> <span class='ocrx_word' id='word_1_154' title='bbox 332 1929 490 1987; x_wconf 77' lang='lat' dir='ltr'><em>Ciceronem</em></span> <span class='ocrx_word' id='word_1_155' title='bbox 504 1931 537 1986; x_wconf 87' lang='lat' dir='ltr'><em>ele</em></span> <span class='ocrx_word' id='word_1_156' title='bbox 550 1930 592 1988; x_wconf 88' lang='lat' dir='ltr'><em>N.</em></span> <span class='ocrx_word' id='word_1_157' title='bbox 603 1929 643 1988; x_wconf 90' lang='lat' dir='ltr'><em>D.</em></span> <span class='ocrx_word' id='word_1_158' title='bbox 656 1929 723 2002; x_wconf 68' lang='lat' dir='ltr'><em>LT„</em></span> <span class='ocrx_word' id='word_1_159' title='bbox 733 1929 783 1987; x_wconf 90' lang='lat' dir='ltr'><em>ubi</em></span> <span class='ocrx_word' id='word_1_160' title='bbox 798 1930 834 1988; x_wconf 84' lang='lat' dir='ltr'><em>de</em></span> <span class='ocrx_word' id='word_1_161' title='bbox 848 1929 976 1988; x_wconf 78' lang='lat' dir='ltr'><em>Cleome-</em></span> 
     </span>
     <span class='ocr_line' id='line_1_21' title="bbox 131 2009 975 2090; baseline 0.004 -24"><span class='ocrx_word' id='word_1_162' title='bbox 131 2029 170 2066; x_wconf 86' lang='lat' dir='ltr'><em>ne</em></span> <span class='ocrx_word' id='word_1_163' title='bbox 192 2009 427 2068; x_wconf 78' lang='lat' dir='ltr'><em>Lacedaemonio.</em></span> <span class='ocrx_word' id='word_1_164' title='bbox 451 2055 457 2068; x_wconf 92' lang='lat'><em>.</em></span> <span class='ocrx_word' id='word_1_165' title='bbox 479 2055 485 2068; x_wconf 92' lang='lat'><em>.</em></span> <span class='ocrx_word' id='word_1_166' title='bbox 507 2054 513 2068; x_wconf 92' lang='lat'><em>.</em></span> <span class='ocrx_word' id='word_1_167' title='bbox 537 2010 623 2068; x_wconf 86' lang='lat' dir='ltr'><em>Maii</em></span> <span class='ocrx_word' id='word_1_168' title='bbox 647 2017 732 2070; x_wconf 80' lang='lat' dir='ltr'><em>vett.</em></span> <span class='ocrx_word' id='word_1_169' title='bbox 756 2011 975 2090; x_wconf 82' lang='lat' dir='ltr'><em>interpretes</em></span> 
     </span>
    </p>
   </div>
   <div class='ocr_carea' id='block_1_7' title="bbox 133 2090 571 2172">
    <p class='ocr_par' dir='ltr' id='par_1_7' title="bbox 133 2090 571 2172">
     <span class='ocr_line' id='line_1_22' title="bbox 133 2090 571 2172; baseline 0.005 -24"><span class='ocrx_word' id='word_1_170' title='bbox 133 2090 297 2170; x_wconf 83' lang='lat' dir='ltr'><em>Vergilii,</em></span> <span class='ocrx_word' id='word_1_171' title='bbox 307 2114 335 2172; x_wconf 87' lang='lat' dir='ltr'><em>p.</em></span> <span class='ocrx_word' id='word_1_172' title='bbox 348 2099 385 2150; x_wconf 83' lang='lat'><em>45</em></span> <span class='ocrx_word' id='word_1_173' title='bbox 401 2093 444 2152; x_wconf 88' lang='lat' dir='ltr'><em>ed.</em></span> <span class='ocrx_word' id='word_1_174' title='bbox 456 2091 571 2151; x_wconf 85' lang='lat' dir='ltr'><em>Mediol.</em></span> 
     </span>
    </p>
   </div>
   <div class='ocr_carea' id='block_1_8' title="bbox 0 0 1126 3436">
    <p class='ocr_par' dir='ltr' id='par_1_8' title="bbox 0 0 1126 3436">
     <span class='ocr_line' id='line_1_23' title="bbox 0 0 1126 3436; baseline 0 1"><span class='ocrx_word' id='word_1_175' title='bbox 0 0 1126 3436; x_wconf 95' lang='lat' dir='ltr'><em> </em></span> 
     </span>
    </p>
   </div>
  </div>
 </body>
</html>
