2220 3432
113 122 146 170 40
335 121 385 170 DE
402 122 552 170 NATURA
569 122 730 172 DEORUM.

115 241 199 299 quarn
224 221 357 280 licenter!
399 221 563 279 Fluentium
583 223 748 300 frequenter
767 224 901 284 transitio
921 224 956 284 fit

113 303 265 372 visionum,
283 308 316 359 ut
337 321 352 358 e
376 301 475 359 multis
498 321 557 358 una
578 303 715 360 videatur.
757 303 884 362 Puderet
908 325 955 363 me

113 382 207 439 dicere
224 401 283 438 non
303 380 476 458 intellegere,
492 383 516 438 si
532 400 584 438 vos
604 383 660 458 ipsi
677 382 888 460 intellegeretis,
905 386 956 462 qui

113 462 168 519 ista
179 461 343 520 defenditis,
386 460 451 529 Quo
465 461 554 518 modo
568 462 645 519 enirn
656 463 761 539 probas
775 464 956 522 continenter

112 541 253 617 imagines
270 541 355 598 ferril
376 549 433 610 aut,
446 541 470 597 si
487 541 675 613 continenter,
688 561 745 619 qno
762 543 851 601 modo
868 553 956 602 aeter-

113 623 184 679 nael
225 620 483 691 Innumerabilitas,
493 620 597 697 inquis,
608 623 772 698 suppeditat
783 630 954 682 atomorum.

114 701 192 758 Num
214 701 314 758 eadem
337 719 405 776 ergo
427 701 483 758 ista
503 701 592 758 faciet
609 709 642 758 ut
658 703 716 759 sint
733 703 830 760 omnia
852 705 956 780 sempi-

113 781 212 838 ternai
253 779 396 856 Confugis
415 780 452 837 ad
468 780 790 857 aequilibritatem-sic
807 783 884 840 enim
901 786 956 840 iae

115 865 223 935 νομίαν,
233 860 257 916 si
271 858 373 936 placet,
383 859 629 936 appellemus—et
643 861 693 933 ais,
705 862 842 938 quoniam
857 863 894 920 sit
907 882 956 920 na·

112 946 177 996 tura
190 939 328 1010 mortalis,
338 940 530 997 immortalem
541 941 627 998 etiam
639 960 700 999 esse
711 949 850 1018 oportere.
893 942 955 1000 Isto

47 1045 56 1060 ·
112 1019 211 1091 modo,
229 1020 365 1096 quoniam
384 1019 516 1077 homines
537 1020 673 1078 mortales
693 1028 768 1093 sunt,
787 1023 845 1080 sint
866 1021 955 1099 aliqui

112 1098 297 1164 immortales
307 1106 337 1156 et
348 1099 483 1176 quoniam
498 1108 653 1159 naseuntur
664 1102 694 1158 in
708 1109 791 1174 terra,
803 1111 956 1160 nascantur

113 1179 143 1236 in
158 1197 239 1256 aqua
282 1179 347 1236 “Et
362 1180 429 1255 quia
445 1187 512 1238 sunt
527 1199 599 1257 quae
612 1182 787 1254 interimant,
799 1189 866 1239 sunt
881 1201 954 1259 quae

113 1259 308 1317 conservent.”
351 1258 416 1316 Sint
443 1279 519 1331 sane,
541 1260 591 1318 sed
618 1280 652 1318 ea
679 1280 750 1337 qnae
778 1271 954 1334 conservent,

114 1359 186 1415 qnae
201 1340 285 1396 eunti
328 1345 393 1396 110.
416 1338 495 1396 Deos
509 1341 581 1397 istos
594 1360 654 1398 esse
668 1360 725 1397 non
742 1343 843 1399 sentio.
885 1341 954 1399 Om-

113 1420 158 1476 nis
168 1427 266 1477 tamen
276 1421 332 1476 ista
345 1439 440 1476 rerum
455 1419 563 1497 effigies
577 1440 611 1478 ex
622 1421 778 1478 individuis
793 1440 851 1498 quo
864 1422 954 1479 modo

113 1499 281 1577 corporibus
297 1499 406 1557 orituri
428 1518 499 1576 quae
516 1500 604 1556 etiam
625 1501 648 1557 si
666 1509 767 1571 essent,
784 1520 856 1578 quae
876 1501 955 1559 nulla

114 1589 188 1652 sunt,
209 1580 313 1657 pellere
339 1599 368 1636 se
392 1579 456 1655 ipsa
480 1586 509 1637 et
530 1580 633 1656 agitari
659 1580 735 1637 inter
758 1600 788 1638 se
815 1599 954 1640 concursu

113 1660 234 1717 fortasse
254 1667 380 1736 possent,
393 1659 526 1731 formare,
538 1659 668 1736 figurare,
683 1660 816 1732 eolorare,
828 1662 954 1720 animare

113 1758 172 1795 non
188 1745 313 1815 possent.
357 1739 443 1796 Nullo
458 1739 547 1814 igitur
560 1739 648 1797 modo
662 1740 852 1798 immortalem
867 1741 953 1799 deum

113 1818 232 1876 efficitis.
275 1817 337 1874 XL.
353 1817 513 1876 Videamus
534 1838 610 1876 nunc
627 1819 662 1877 de
679 1820 772 1878 beato.
816 1821 884 1879 Sine
901 1823 955 1878 vir-

113 1906 175 1955 tute
192 1905 267 1955 certe
284 1897 363 1954 nullo
380 1898 478 1969 modo,
489 1899 579 1956 virtus
596 1907 690 1957 autem
708 1907 825 1958 actuosa
840 1909 870 1960 et
883 1901 954 1959 deus

113 1985 206 2036 vester
218 1977 291 2034 nihil
305 1996 400 2054 agens,
413 1997 513 2054 expers
527 1979 641 2037 virtutis
655 1980 760 2056 igitur:
782 1981 823 2038 ita
839 2000 875 2039 ne
889 1981 954 2039 bea-

113 2065 160 2115 tus
183 2057 307 2134 quidem.
352 2063 418 2116 111.
441 2058 520 2127 Quae
537 2079 605 2136 ergo
622 2060 700 2118 vital
740 2060 953 2138 Suppeditatio,

112 2138 217 2213 inquis,
236 2137 378 2194 bonorum
399 2138 480 2196 nullo
505 2139 644 2196 malorum
664 2141 835 2199 interventu.
877 2141 954 2209 Quo-

113 2237 176 2274 rum
193 2217 311 2275 tandem
328 2217 488 2276 bonorum?
524 2218 726 2296 Voluptatum,
742 2220 836 2292 credo,
848 2240 953 2298 nempe

113 2297 150 2354 ad
164 2316 267 2374 corpus
281 2297 496 2374 pertinentium.
537 2297 654 2356 Nullam
671 2301 748 2357 enim
763 2301 883 2358 novistis
896 2303 953 2359 nisi

113 2377 273 2454 profectam
291 2396 308 2434 a
324 2396 442 2453 corpore
462 2385 491 2434 et
507 2377 671 2436 redeuntem
690 2380 727 2436 ad
743 2398 847 2457 corpus
864 2381 954 2439 animi

113 2457 299 2533 voluptatem.
342 2456 370 2514 N
372 2475 409 2512 on
431 2457 554 2514 arbitror
572 2465 610 2530 te,
626 2459 728 2531 Vellei,
745 2460 867 2518 similem
893 2480 953 2519 esso

112 2536 318 2613 Epicureorum
342 2535 525 2612 reliquorum,
541 2557 613 2614 qnos
636 2539 744 2614 pudeat
775 2537 953 2615 quarundam

112 2616 231 2694 Epicuri
245 2635 357 2687 vocum,
370 2616 473 2692 quibus
489 2617 538 2674 ille
554 2625 675 2675 testatur
692 2638 721 2676 se
737 2638 774 2676 ne
787 2619 954 2696 intellegere

114 2697 231 2773 quidem
248 2695 338 2753 ullum
355 2695 464 2752 bonum
483 2696 562 2772 qnod
580 2699 618 2756 sit
636 2698 797 2756 seiunctum
816 2719 833 2756 a
851 2700 954 2758 delica-

113 2776 152 2832 tis
171 2782 200 2833 et
219 2774 349 2832 obscenis
367 2775 572 2853 voluptatibus,
588 2797 658 2854 quas
677 2779 793 2855 quidem
812 2798 871 2836 non
892 2799 953 2838 eru-

114 2854 231 2912 bescens
244 2855 424 2932 persequitur
438 2875 537 2913 omncs
552 2858 730 2915 nominatim.
775 2864 840 2916 112.
859 2858 953 2926 Quem

115 2934 211 2991 cibum
225 2935 314 3011 igitur
330 2944 379 2993 aut
394 2955 464 3012 quas
480 2937 614 3012 potiones
631 2945 680 2994 aut
697 2956 767 3014 quas
781 2957 884 2996 vocum
903 2946 953 2996 aut

115 3013 218 3071 florum
233 3015 381 3073 varietates
398 3023 448 3073 aut
465 3035 537 3092 quos
554 3023 654 3088 tactus,
667 3035 738 3092 quos
755 3017 857 3075 odores
875 3018 954 3075 adhi-

116 3093 197 3151 bebis
216 3095 253 3152 ad
273 3095 395 3164 decant
414 3115 463 3152 eos
483 3096 639 3172 perfundas
655 3095 867 3172 voluptatibusl
909 3097 954 3155 Ac

117 3179 220 3247 podtae
238 3175 352 3253 quidem
369 3183 467 3233 nectar
483 3175 654 3232 ambrosiam
672 3175 769 3252 epulas
786 3184 953 3254 comparant
