2220 3432
308 108 378 158 LlB.
392 107 441 168 IL,
452 107 531 157 CAP.
543 108 671 169 lV.-VI.,
686 107 700 169 ξ
715 112 802 160 11-17,
946 114 978 162 ῦ3

133 207 173 266 lio
189 207 353 266 oonsulibus
366 215 507 279 evenerat,
520 228 577 286 quo
595 208 713 286 quidem
731 229 806 268 anno
821 210 854 268 P.
866 209 980 269 Africa-

133 307 189 346 nus
205 289 247 346 sol
261 288 333 346 alter
346 289 504 347 exstinctus
518 297 569 357 est,
583 289 687 366 quibus
705 290 832 348 exterriti
846 290 979 348 homines

131 369 192 424 vim
220 368 364 446 quandam
391 388 451 427 esse
472 369 622 427 caelestem
643 377 672 428 et
694 370 821 427 divinam
843 371 979 448 suspicati

133 456 209 506 srmt.
253 455 298 508 15.
321 448 459 517 Quartam
480 469 594 507 causam
616 469 676 507 csse
693 469 813 528 eamque
830 450 874 508 vel
891 453 980 508 maxi-

133 547 211 585 mam
233 529 465 604 aequabilitatem
486 537 592 600 motus,
608 531 824 588 conversionem
842 531 920 602 caeli,
937 552 980 588 so·

133 608 176 678 lis,
188 608 270 666 lunae
285 609 467 686 siderumque
482 611 613 668 omnium
629 610 980 683 distinctionemvarieta-

132 695 201 760 tem,
214 689 467 766 pulchritudinem,
481 690 621 761 ordinem,
636 709 756 768 quarum
773 711 867 748 rerum
885 711 980 768 aspec-

132 775 181 826 tus
197 769 258 846 ipso
276 770 344 828 satis
361 770 501 828 indicaret
518 790 577 828 non
595 791 655 828 esse
672 791 706 829 ea
722 772 851 830 fortuita.
894 771 938 830 Ut
955 773 980 829 si

133 851 199 925 quis
212 850 243 906 in
257 849 377 910 domum
391 850 516 927 aliquam
531 851 622 909 autin
637 853 819 928 gymnasium
835 858 884 910 aut
895 852 925 909 in
935 852 980 909 fo-

132 948 197 986 rum
207 931 324 1001 venerit,
333 949 400 988 oum
409 931 505 988 videat
515 933 645 989 omnium
657 951 751 990 rerum
761 933 910 1004 rationem,
919 951 979 989 mo-

133 1009 212 1081 dum,
225 1010 415 1088 disciplinam,
429 1030 487 1069 non
502 1013 595 1088 possit
609 1031 643 1069 ea
657 1013 718 1069 sine
733 1032 817 1070 causa
831 1013 891 1070 fleri
906 1013 979 1069 iudi·

133 1109 205 1161 care,
214 1090 264 1148 scd
279 1110 339 1148 essa
353 1091 477 1168 aliquem
490 1092 639 1169 intellegat
654 1093 702 1169 qui
714 1094 820 1170 praesit
831 1103 860 1151 et
874 1094 920 1151 cui
931 1113 979 1169 pa-

133 1179 237 1241 reatur,
245 1171 338 1228 multo
352 1172 445 1249 magis
454 1173 484 1228 in
495 1173 584 1230 tantis
595 1172 773 1230 motionibus
784 1175 929 1250 tantisque
940 1173 979 1229 vi-

133 1250 357 1323 cissitudinibus,
369 1260 429 1309 tam
446 1252 601 1310 multarum
619 1271 713 1310 rerum
731 1261 817 1330 atque
834 1260 977 1311 tantarum

133 1331 290 1402 ordinibus,
303 1332 334 1389 in
351 1331 456 1410 quibus
472 1333 545 1390 nihil
563 1352 700 1409 umquam
717 1334 858 1391 immensa
874 1340 904 1390 et
917 1333 979 1390 infi-

132 1411 195 1469 nita
211 1418 337 1470 vetustas
357 1413 480 1470 mentita
501 1413 546 1484 sit,
563 1420 670 1470 statuat
687 1431 801 1470 necesse
818 1421 861 1470 est
878 1413 913 1470 ab
931 1414 979 1470 ali-

133 1511 191 1568 qua
204 1498 301 1550 mente
312 1497 409 1550 tantos
423 1499 540 1551 naturae
555 1500 651 1550 motus
662 1492 822 1569 gubernari.
859 1493 910 1550 VI.
931 1499 976 1550 lo.

132 1570 314 1649 Chrysippus
325 1573 451 1648 quidem,
463 1591 635 1650 quamquam
648 1581 691 1630 est
702 1573 839 1630 acerrimo
851 1573 976 1650 ingenio,

132 1657 230 1709 tamen
242 1671 276 1710 ea
286 1652 365 1723 dicit,
376 1659 408 1710 ut
419 1653 455 1710 ab
467 1654 530 1730 ipsa
540 1660 642 1710 natura
652 1652 794 1724 didicisse,
803 1671 862 1710 non
873 1661 906 1711 ut
917 1655 978 1731 ipse

131 1731 290 1809 repperisse
305 1733 442 1792 videatur.
486 1733 503 1761 “
513 1733 545 1791 si
559 1732 659 1791 enim’'
674 1732 770 1810 inquit
785 1734 852 1791 “est
869 1733 978 1812 aliquid

132 1811 164 1868 in
175 1831 269 1870 rerum
281 1820 382 1870 natura
393 1813 472 1890 quod
483 1812 609 1870 hominis
619 1833 709 1885 mens,
718 1813 796 1891 quod
807 1815 888 1886 ratic,
900 1814 978 1892 quod

130 1892 185 1963 vis,
194 1892 273 1970 quod
282 1901 408 1970 potestas
417 1893 543 1951 humana
551 1893 661 1951 efficere
672 1913 730 1950 non
741 1895 841 1971 possit,
850 1901 893 1953 est
902 1903 977 1953 certe

132 1971 173 2042 id,
183 1972 262 2050 quod
272 1971 344 2030 illud
355 1972 450 2045 efficit,
458 1973 577 2031 homine
586 1973 697 2031 melius.
733 1975 827 2052 Atqui
837 1994 881 2032 res
892 1975 979 2033 caele·

132 2059 191 2110 stes
208 2071 364 2130 omnesque
381 2073 430 2111 eae
448 2073 568 2131 quarum
584 2061 627 2111 est
642 2054 713 2112 ordo
731 2054 928 2132 sempiternus,
941 2055 977 2112 ab

131 2131 252 2190 homine
266 2133 368 2191 confici
386 2153 444 2192 non
461 2141 590 2211 possunt.
628 2134 682 2191 Est
698 2135 787 2211 igitur
803 2134 842 2206 id,
856 2154 913 2212 quo
929 2135 978 2192 illa

132 2211 332 2284 conficiuntur,
344 2213 461 2271 homine
478 2214 588 2271 melius.
630 2212 666 2270 Id
679 2223 775 2272 autem
793 2215 863 2292 quid
880 2216 978 2292 potius

133 2292 240 2350 dixeris
251 2312 337 2370 qaam
346 2293 451 2351 deuml
481 2292 598 2351 Etenim
609 2293 633 2351 si
644 2294 674 2352 di
685 2313 744 2352 non
755 2303 830 2366 sunt,
839 2295 908 2372 quid
917 2315 977 2354 esse

132 2379 231 2449 potest
245 2373 274 2430 in
288 2392 383 2431 rerum
398 2381 500 2430 natura
513 2372 630 2432 homine
644 2375 764 2432 meliusl
802 2374 836 2431 In
851 2393 885 2432 eo
900 2377 975 2433 enim

133 2452 196 2510 solo
207 2459 251 2510 est
261 2454 407 2530 ratio,qua
417 2452 489 2511 nihil
499 2461 664 2531 potestesse
675 2455 873 2532 praestantius.
907 2455 977 2512 Esse

133 2539 230 2590 autem
242 2531 399 2604 hominem,
408 2534 457 2610 qni
467 2534 539 2591 nihil
551 2535 581 2591 in
593 2535 672 2592 omni
684 2534 792 2592 mundo
804 2534 906 2592 molius
917 2553 977 2592 esse

134 2631 221 2689 quam
236 2633 265 2670 se
276 2620 367 2691 putet,
378 2612 546 2690 desipientis
557 2613 741 2690 adrogantiae
751 2620 802 2672 est.
845 2613 923 2690 Ergo
934 2621 977 2671 est

133 2692 243 2769 aliquid
257 2693 366 2751 melius.
410 2693 463 2751 Est
477 2694 566 2771 igitur
579 2695 710 2770 proiecto
725 2693 822 2752 deus.’'
867 2694 911 2751 17.
927 2693 976 2750 An

133 2791 210 2843 vero,
226 2772 250 2830 si
270 2773 391 2831 domum
411 2793 546 2852 magnam
567 2773 773 2851 pulchramque
790 2773 976 2851 viderisnon

133 2853 227 2928 possis
243 2853 348 2912 adduci
361 2860 402 2925 ut,
415 2854 502 2911 etiam
519 2854 543 2911 si
558 2854 708 2911 dominnm
726 2872 784 2910 non
799 2853 904 2924 videas,
916 2872 977 2910 mu-

133 2931 213 2990 ribus
222 2933 300 2991 illam
312 2942 341 2992 et
351 2934 481 2992 mustelis
492 2933 669 2991 aedificatam
681 2939 772 3010 putea,
782 2941 896 2991 tantum
908 2953 976 3010 ergo

134 3020 268 3071 ornatum
285 3013 396 3080 mundi,
411 3021 521 3072 tantam
539 3013 704 3070 varietatem
722 3013 977 3089 pulchritudinem·

134 3111 191 3169 que
205 3112 300 3151 rerum
317 3093 490 3164 caelestium,
502 3099 613 3150 tantam
627 3092 686 3148 vim
704 3101 733 3148 et
746 3093 976 3169 magnitudinem

133 3172 222 3229 maris
236 3180 471 3248 atqueterrarum
482 3173 599 3229 situum
614 3189 646 3227 ao
660 3189 720 3228 non
731 3170 851 3229 deorum
860 3173 973 3229 immor·
