2242 3436
119 86 168 136 114
342 82 392 132 ΒΕ
409 82 559 132 NATURA
564 83 736 142 DEORUM.

119 191 262 264 parantur.
305 181 369 252 Qua
384 202 423 254 re,
436 183 460 240 si
474 183 595 254 videtur,
611 183 671 241 noli
685 203 769 261 agere
785 185 913 259 confuse,
928 193 961 245 ut

119 265 174 324 hoc
189 263 362 341 explicemus
377 262 430 320 hac
444 262 649 339 disputatione,
662 265 742 342 quod
757 267 908 343 quaeritur.

159 350 206 402 20.
229 343 355 420 Optime,
368 343 463 420 inquit
477 343 572 401 Cotta.
614 343 716 421 Itaque
731 346 867 422 qnoniam
882 354 963 424 quat·

118 431 185 482 tuor
199 426 228 482 iu
243 430 338 500 partes
352 430 445 481 totam
459 424 656 500 quaestionem
671 425 793 483 divisisti
808 426 844 483 de
857 428 962 503 prima·

119 524 174 581 que
190 504 323 574 diximus,
336 503 547 561 consideremus
562 504 732 561 secundam:
755 524 827 582 quae
838 506 910 563 mihi
920 515 962 564 ta·

118 584 154 642 lis
171 585 284 642 videtur
299 584 397 656 fnisse,
410 591 450 654 ut,
463 603 529 640 cum
547 584 697 642 ostendere
713 585 799 643 velles
816 586 913 662 quales
930 587 961 644 di

118 671 221 735 essent,
234 664 397 722 ostenderes
411 663 505 720 nullos
519 682 587 721 esse.
626 664 655 721 A
665 665 872 724 consuetudine
883 667 961 724 enim

119 745 267 802 oculorum
292 744 420 801 animum
445 743 585 801 abducere
609 743 811 802 difficillimum
836 745 959 817 dicebas,

34 858 38 866 ν
119 825 262 895 sedeam
283 822 338 880 deo
360 822 432 880 nihil
454 823 645 901 praestantius
666 831 747 895 esset,
765 844 825 882 non
849 825 962 884 dubita·

118 903 170 962 bas
187 904 257 981 quin
272 903 398 961 mundus
414 911 488 961 esset
505 903 583 974 deus,
599 922 657 980 quo
673 903 745 961 nihil
760 905 790 962 in
804 924 899 962 rerum
913 925 962 963 na·

119 991 184 1041 tura
200 983 301 1041 melius
319 990 409 1040 esset:
429 983 518 1041 modo
535 1003 684 1060 possemus
700 1003 766 1041 eum
783 985 961 1044 animantem

119 1063 245 1140 cogitare
265 1062 310 1120 vel
326 1064 424 1140 potius
441 1070 475 1121 ut
495 1071 588 1120 cetera
613 1063 710 1135 oculis,
729 1065 770 1122 sic
791 1065 888 1123 animo
904 1066 961 1124 hoo

120 1162 240 1201 cernere.
284 1149 330 1200 21.
353 1142 411 1200 Sed
421 1161 487 1200 cum
501 1143 611 1200 mundo
625 1163 712 1220 negas
725 1144 877 1222 quicquam
900 1164 960 1204 esse

119 1223 229 1294 melius,
245 1223 315 1300 quid
332 1223 404 1280 dicis
417 1222 538 1280 meliust
579 1222 610 1280 Si
623 1223 779 1300 pulchrius,
797 1223 960 1282 adsentior:

120 1303 144 1360 si
160 1303 255 1380 aptius
271 1303 308 1361 ad
325 1303 464 1360 utilitates
479 1309 600 1374 nostras,
616 1303 647 1360 id
664 1321 778 1380 quoque
797 1303 960 1361 adsentior:

120 1384 164 1440 siu
181 1390 276 1441 autem
290 1383 322 1441 id
335 1383 415 1454 dicis,
427 1382 499 1440 nihil
517 1401 578 1439 esse
594 1383 704 1440 mundo
721 1383 887 1460 sapientius,
899 1384 962 1441 nul-

119 1463 148 1521 lo
162 1463 250 1521 modo
261 1482 376 1540 prorsus
385 1463 538 1533 adsentior,
548 1481 608 1519 non
620 1462 698 1538 quod
709 1462 823 1520 difficile
835 1463 872 1520 sit
883 1483 962 1521 men-

118 1550 178 1602 tem
193 1543 229 1600 ab
244 1543 333 1602 oculis
347 1561 485 1613 sevocare,
498 1542 548 1599 sed
559 1561 616 1618 quo
630 1542 723 1619 magis
737 1561 847 1614 sevoco,
860 1561 894 1600 eo
908 1544 962 1600 mi-

119 1642 173 1682 nus
186 1624 226 1695 id,
239 1623 317 1700 quod
329 1629 362 1681 tu
377 1623 427 1692 vis,
439 1640 557 1699 possum
571 1629 669 1679 mente
683 1622 931 1699 comprehendere.

159 1704 212 1762 IX.
235 1702 315 1760 Nihil
330 1709 374 1759 est
386 1701 496 1758 mundo
512 1701 614 1759 melius
628 1702 659 1758 in
673 1721 767 1759 rerum
784 1710 902 1761 natura:
924 1723 961 1761 ne

118 1783 149 1842 in
169 1784 252 1842 terris
272 1782 389 1860 quidem
412 1781 481 1838 urbe
501 1789 606 1838 nostra.
650 1781 729 1839 Num
746 1782 836 1859 igitur
852 1783 960 1840 idcirco

119 1864 149 1921 iu
163 1865 233 1921 urbe
249 1882 309 1920 esse
326 1861 475 1931 rationem,
488 1861 702 1937 cogitationem,
715 1869 841 1920 mentem
856 1865 961 1939 putasl

118 1951 176 2014 ant,
192 1943 328 2021 quoniam
345 1960 404 1998 non
422 1941 467 2012 sit,
483 1960 553 1997 num
571 1941 677 1998 idcirco
699 1942 845 2000 existimas
860 1942 962 2000 formi-

118 2044 181 2083 cam
209 2021 438 2099 anteponendam
467 2039 526 2078 esse
554 2020 621 2078 huic
648 2020 855 2098 pulcherrimae
885 2022 959 2093 urbi,

119 2104 197 2182 qnod
211 2103 241 2161 in
256 2102 325 2160 urbe
339 2121 438 2160 sensus
452 2101 490 2158 sit
504 2099 605 2170 nullus,
617 2101 648 2158 in
662 2101 785 2158 formica
798 2121 856 2159 non
870 2103 961 2160 modo

119 2204 225 2254 sensus,
248 2183 298 2240 sed
325 2182 411 2239 etiam
438 2199 529 2251 mens,
551 2180 632 2251 ratio,
655 2182 811 2239 memorial
852 2182 961 2240 Videre

119 2271 241 2341 oportet,
259 2262 358 2333 Balbe,
377 2261 447 2338 quid
467 2261 522 2318 tibi
542 2260 723 2333 concedatur,
741 2280 800 2319 non
817 2267 846 2320 te
862 2262 960 2338 ipsum

119 2344 198 2422 quod
218 2343 287 2401 velis
308 2362 427 2400 sumere.
470 2347 516 2397 22.
540 2339 633 2398 Istum
654 2342 729 2398 euim
747 2341 843 2399 locum
863 2348 960 2400 totum

118 2425 167 2482 illa
183 2431 264 2480 vetus
280 2422 402 2479 Zenonis
419 2421 513 2478 brevis
529 2427 567 2492 ct,
582 2428 616 2478 ut
632 2420 686 2478 tibi
703 2420 861 2492 videbatur,
877 2431 961 2479 acuta

118 2503 263 2562 conclusio
275 2503 413 2560 dilatavit.
447 2501 524 2558 Zeno
535 2501 612 2558 enim
622 2501 663 2558 ita
673 2501 831 2559 concludit:
850 2501 960 2570 “Quod

118 2585 228 2642 ratione
249 2583 349 2653 utitur,
365 2582 395 2639 id
412 2581 514 2639 melius
535 2587 579 2638 est
596 2601 683 2659 quam
700 2581 738 2652 id,
755 2581 834 2658 quod
849 2581 960 2639 ratione

118 2683 178 2721 non
202 2664 300 2721 utitur.
343 2661 422 2719 Nihil
447 2667 544 2718 autem
568 2661 678 2720 mundo
701 2662 821 2720 melius:
849 2661 961 2719 ratione

119 2743 208 2818 igitur
223 2742 349 2800 mundus
364 2740 483 2798 utitur.”
526 2747 573 2798 23.
595 2742 661 2798 Hoc
676 2741 700 2798 si
714 2741 816 2818 placet,
828 2741 886 2798 iam
903 2741 962 2798 effi·

119 2823 177 2879 cies
190 2828 224 2878 ut
236 2821 362 2879 mundus
379 2821 488 2897 optime
502 2819 606 2877 librum
621 2820 714 2896 legere
731 2821 868 2879 videatur.
911 2820 961 2878 Ze·

120 2901 203 2957 nonis
218 2902 292 2957 enim
308 2901 436 2976 vestigiis
449 2899 505 2956 hoc
518 2900 607 2957 modo
621 2902 761 2959 rationem
772 2901 881 2978 poteris
894 2920 961 2958 con·

121 2979 249 3036 cludere:
272 2979 385 3048 “Quod
401 2980 558 3036 litteratum
576 2987 627 3050 est,
642 2979 674 3037 id
690 2987 734 3037 est
749 2981 852 3038 melius
872 3001 960 3059 quam

122 3059 199 3134 quod
216 3077 274 3114 non
291 3066 334 3115 est
350 3059 525 3116 litteratum:
550 3059 622 3115 nihil
640 3066 735 3118 autem
752 3062 862 3119 mundo
879 3060 960 3118 meli-

121 3154 171 3192 us:
192 3136 333 3193 litteratus
346 3138 435 3214 igitur
449 3144 492 3194 est
502 3138 653 3195 mundus.''
695 3139 857 3198 istomodo
871 3141 956 3200 etiam
