2220 3432
309 135 378 184 Lm.
394 136 426 197 1.,
445 135 523 185 car.
540 125 826 197 x1.-X11'1.‚§2a-34.
961 134 992 187 rs

150 257 233 294 maeo
250 237 321 294 dicit
337 244 366 295 et
383 238 413 293 in
430 236 555 314 Legibus
572 244 601 295 et
618 237 759 295 mundum
777 238 942 308 deurnesse
963 247 993 297 et

150 317 259 376 caelum
284 325 313 374 et
335 325 411 374 astra
435 325 463 374 et
483 327 587 374 terram
610 325 640 375 et
662 317 774 374 animos
799 326 828 375 et
850 337 993 396 eosquos

150 398 291 455 maiorum
312 396 452 454 institutis
473 398 643 475 accepimus,
660 417 731 474 quae
753 405 782 455 et
802 417 853 474 per
874 418 903 456 sc
926 406 993 457 sunt

150 478 223 536 falsa
238 478 387 555 perspicue
405 485 433 535 et
450 477 525 536 inter
546 498 575 536 se
589 477 773 535 vehementer
793 480 990 555 repugnantia.

151 565 198 616 al.
211 558 308 635 Atque
320 559 406 616 etiam
418 557 582 635 Xenophon
594 557 777 634 paucioribus
787 559 881 616 verbis
892 559 992 616 eadem

150 639 211 696 fere
225 646 332 716 peceat.
376 639 456 696 Facit
472 640 549 696 enim
564 639 593 695 in
609 639 653 710 iis,
664 658 736 715 quae
753 658 770 696 a
784 638 900 696 Socrate
915 638 993 696 dieta

150 719 270 790 rettulit,
286 719 433 777 Socratem
455 719 650 796 disputantem
675 719 800 776 formam
825 719 873 776 dei
895 720 992 796 quaeri

150 817 210 855 non
233 807 372 877 oportere,
388 798 568 875 eundemque
578 806 608 857 et
621 797 710 856 solem
722 806 751 856 et
761 799 891 856 animum
905 799 992 857 deum

151 880 253 951 dicere,
267 888 296 938 et
309 881 398 938 modo
412 899 511 949 unum,
521 887 585 937 tum
599 885 695 937 autem
706 878 802 956 plures
816 881 901 936 deos:
920 899 993 957 quae
1023 934 1031 950 ,

151 968 220 1018 sunt
230 961 331 1018 iisdem
342 961 372 1016 in
384 960 483 1017 erratis
494 961 555 1016 fere
567 959 670 1036 quibus
684 979 808 1037 eaquae
823 959 859 1017 de
870 959 992 1017 Platone

150 1041 284 1098 vidimus.
317 1039 402 1098 XIII.
435 1046 481 1097 32.
498 1040 595 1117 Atque
610 1040 696 1097 etiam
711 1039 900 1098 Antisthenes
913 1041 943 1096 in
958 1059 992 1097 eo

151 1121 234 1193 libro,
242 1121 291 1198 qui
300 1121 316 1148 ‘⁶
324 1119 487 1198 Physieus’'
496 1121 669 1192 inscribitur,
680 1120 832 1196 populares
843 1121 912 1178 deos
922 1120 994 1177 mul-

151 1209 206 1272 tos,
218 1201 375 1258 naturalem
398 1220 487 1259 unum
509 1220 569 1258 esse
590 1201 688 1258 dicens
702 1200 779 1258 tollit
793 1201 852 1258 vim
867 1208 896 1258 et
912 1208 994 1258 natu-

151 1301 213 1338 ram
224 1281 352 1339 deorum.
384 1281 413 1338 N
414 1301 446 1339 ec
456 1280 548 1338 multo
560 1300 640 1338 secus
651 1280 829 1358 Speusippus
840 1281 993 1338 Platonem

152 1361 324 1419 avunculum
339 1361 514 1438 subsequens
531 1367 560 1418 et
576 1361 634 1418 vim
650 1363 793 1438 quandam
816 1362 920 1433 dicem,
937 1381 993 1438 qua

152 1443 251 1499 omnia
261 1449 404 1518 regantur,
414 1461 534 1518 eamque
545 1440 705 1508 animalem,
716 1439 834 1496 evellere
845 1459 879 1496 ex
890 1439 994 1494 animis

152 1529 272 1580 conatur
286 1522 481 1598 cognitionem
497 1521 632 1578 deorum:
665 1526 711 1576 33.
727 1518 953 1593 Aristotelesque
964 1518 994 1573 in

151 1603 239 1659 tertio
256 1602 293 1659 de
308 1601 492 1679 philosophia
505 1601 579 1658 libro
596 1600 689 1657 multa
704 1598 809 1670 turbat,
822 1618 839 1654 a
855 1597 993 1674 magistro

153 1682 275 1741 Platone
291 1702 351 1739 nou
368 1681 545 1739 dissentiens.
588 1680 678 1738 Modo
695 1680 772 1737 enim
786 1679 877 1736 menti
894 1677 995 1735 tribuit

153 1782 269 1820 omnem
284 1763 473 1832 divinitatem,
485 1761 574 1818 modo
588 1759 730 1817 mundum
745 1760 839 1835 ipsum
854 1759 940 1816 deum
955 1757 996 1814 di-

153 1844 193 1900 cit
207 1861 275 1914 esse,
287 1843 375 1900 modo
390 1842 477 1899 alium
489 1841 631 1918 quendam
646 1840 775 1920 praeficit
788 1838 897 1896 mundo
912 1837 995 1914 eique

153 1943 201 1981 eas
211 1930 306 2000 partes
320 1922 430 1993 tribuit,
443 1928 475 1979 ut
489 1920 674 1998 replicatione
689 1918 812 1996 quadam
823 1916 924 1974 mundi
936 1935 996 1971 mo-

153 2010 217 2060 tum
238 2010 319 2080 regat
339 2009 425 2080 atque
446 2008 643 2071 tueatur,tum
665 1998 736 2056 caeli
757 1996 887 2054 ardorem
909 1997 995 2052 deum

154 2083 226 2140 dicit
237 2102 305 2154 esse,
317 2103 376 2140 non
391 2081 560 2159 intellegens
571 2080 679 2138 caelum
691 2077 793 2134 mundi
804 2082 864 2134 esse
875 2084 995 2154 partem,

155 2183 241 2241 quem
262 2163 318 2220 alio
335 2163 399 2220 loeo
421 2163 481 2238 ipse
503 2160 660 2236 designarit
680 2158 773 2215 deum.
822 2157 886 2225 Quo
908 2155 996 2213 modo

155 2250 251 2301 autern
266 2243 335 2300 caeli
346 2242 460 2299 divinus
471 2236 518 2298 ille
533 2259 631 2298 sensus
642 2240 671 2296 in
683 2238 826 2296 eeleritate
837 2243 918 2294 tanta
929 2255 994 2292 con-

155 2323 259 2381 servari
276 2323 390 2400 potestt
411 2321 461 2379 ubi
479 2320 582 2378 deinde
599 2319 641 2377 illi
658 2326 703 2376 tot
719 2319 758 2388 di,
774 2318 799 2374 si
815 2335 997 2375 numeramus

155 2405 243 2462 etiam
254 2402 363 2460 caelum
374 2401 479 2459 deumt
510 2400 584 2457 Cum
599 2406 693 2457 autem
710 2399 770 2455 sine
786 2416 904 2474 corpore
918 2397 996 2452 idern

156 2484 218 2542 vult
235 2503 294 2540 esse
311 2483 407 2551 deum,
420 2482 499 2539 omni
517 2480 598 2537 illum
616 2499 699 2536 sensu
716 2478 818 2555 privat,
830 2477 915 2534 etiam
933 2495 998 2551 pru·

156 2564 261 2622 dentia.
304 2562 369 2631 Quo
390 2582 476 2640 porro
497 2561 585 2618 modo
602 2559 744 2616 mundum
765 2576 879 2614 movere
901 2574 998 2613 carens

156 2663 275 2720 corpore
292 2651 342 2700 aut
357 2642 516 2720 quomodo
534 2660 646 2716 semper
663 2659 691 2696 se
708 2657 827 2695 movens
844 2655 903 2692 esse
922 2635 999 2711 quie-

155 2733 203 2782 tus
218 2731 247 2781 et
261 2723 361 2782 beatus
375 2723 490 2799 potestl
524 2726 569 2778 34.
589 2721 617 2777 N
618 2739 650 2777 ec
664 2738 730 2776 vero
746 2718 806 2774 eius
820 2715 999 2790 condiscipu-

155 2805 201 2862 lus
215 2803 392 2861 Xenocrates
406 2803 436 2859 in
451 2802 505 2859 hoe
523 2820 625 2877 genere
639 2798 817 2877 prudentior,
828 2796 908 2853 cuius
922 2795 951 2850 in
968 2794 999 2850 li-

155 2885 223 2954 bris,
237 2885 285 2960 qui
300 2892 366 2942 sunt
381 2883 417 2940 de
431 2888 534 2938 natura
548 2881 675 2950 deorum,
688 2877 766 2934 nulla
780 2876 887 2953 speeies
901 2874 999 2931 divina

156 2964 333 3023 describitur.
385 2962 464 3019 Deos
487 2961 563 3018 enim
587 2965 653 3016 octo
677 2977 737 3014 esse
760 2957 846 3013 dicit:
873 2955 999 3032 quinque

156 3064 214 3116 eos,
227 3043 313 3120 quiin
329 3042 417 3100 stellis
429 3043 508 3118 vagis
518 3039 712 3106 nominantur,
722 3055 820 3106 unum,
834 3035 928 3110 quiex
940 3053 1000 3089 om-

155 3125 243 3181 nibus
267 3123 414 3193 sideribus
430 3140 501 3199 quae
517 3118 606 3175 infixa
626 3115 704 3173 caelo
726 3122 801 3185 sunt,
814 3133 848 3170 ex
866 3111 1000 3188 dispersis

158 3205 240 3280 quasi
249 3202 387 3261 membris
401 3201 522 3278 simplex
537 3199 574 3256 sit
584 3194 729 3274 putandus
740 3195 826 3251 deus:
844 3193 999 3268 septimum
