2242 3436
234 123 303 171 LIB.
318 123 380 183 lll.,
395 123 472 171 CAP.
487 123 751 184 XXVI-XXVIII,
766 122 779 182 ἓ
795 127 885 174 67-71.
933 127 979 174 131

135 230 222 281 nocet
243 223 419 300 saepissime,
431 223 534 281 melius
557 230 600 280 est
622 242 681 280 non
703 222 839 282 adhibere
861 225 980 282 omnino

136 323 223 380 quarn
238 322 288 380 spe
303 302 407 360 dubiae
422 303 520 361 salutis
530 303 561 360 in
575 309 703 380 apertam
718 304 874 380 perniciem
889 305 981 362 incur-

135 403 206 454 rere,
218 384 259 440 sic
275 382 353 440 haud
374 383 433 440 scio
454 402 491 439 an
511 382 613 440 melius
630 383 719 441 fuerit
735 382 861 440 humano
883 385 981 461 generi

135 471 250 520 motum
271 463 359 520 istum
382 462 502 520 celerem
525 462 718 538 cogitationis,
738 482 868 534 acumen,
886 463 981 521 soller-

136 543 216 612 tiam,
236 561 323 619 quarn
349 543 490 600 rationem
514 561 659 614 vocamus,
681 543 816 620 quoniam
845 543 982 620 pestifera

136 629 181 679 est
197 622 304 692 multia,
317 622 473 679 admodum
495 623 593 697 paucis
614 623 752 694 salutarie,
765 642 824 680 non
843 623 905 680 dari
922 643 981 680 orn-

137 702 207 758 nino
230 709 397 780 quamtum
422 701 556 759 munifice
579 710 608 759 et
632 709 693 759 tam
717 703 794 779 large
819 703 888 762 dari.
933 703 979 761 70.

137 781 232 850 Quam
257 781 295 838 ob
319 800 380 839 rem
402 782 426 838 si
448 801 529 839 mens
548 781 736 859 voluntasque
758 783 856 839 divina
874 782 981 841 idcirco

137 861 283 918 consuluit
302 861 476 931 hominibus,
490 861 568 938 quod
586 862 622 918 iis
644 870 687 919 est
708 862 810 940 largita
830 863 979 932 rationem,

137 941 174 998 iis
193 941 260 998 solis
282 941 433 1012 consuluit,
447 960 518 1018 quos
539 940 615 998 bona
634 945 745 1000 ratione
766 943 893 1014 donavit,
910 961 981 1019 quos

137 1020 277 1090 videmus,
296 1021 321 1078 si
340 1021 429 1078 modo
453 1020 504 1080 ulli
528 1029 603 1092 sunt,
621 1041 682 1080 esse
702 1039 867 1099 perpaucos,
913 1021 981 1079 Non
1021 1049 1025 1059 ·

137 1100 233 1177 placet
254 1108 350 1158 autern
373 1101 472 1178 paucis
497 1121 514 1158 a
535 1101 580 1158 dis
598 1101 809 1159 immortalibus
831 1121 895 1160 esse·
916 1121 981 1159 con-

138 1178 263 1237 sultum:
286 1181 413 1257 sequitur
427 1200 495 1256 ergo
509 1189 542 1238 ut
556 1181 665 1238 nemini
680 1182 842 1239 consultum
858 1183 902 1239 sit.

179 1259 324 1318 XXVIII.
343 1260 420 1318 Huic
437 1261 501 1318 loco
522 1261 563 1318 sic
584 1261 681 1318 soletis
699 1280 852 1331 occurrere,
865 1281 923 1319 non
940 1260 982 1318 id-

138 1340 215 1397 circo
237 1359 296 1396 non
319 1341 428 1418 optime
449 1340 533 1398 nobis
554 1361 571 1398 a
590 1341 635 1398 dis
657 1361 716 1398 esse
733 1341 889 1417 provisum,
902 1341 981 1418 qnod

138 1419 222 1476 multi
237 1439 336 1477 eorum
352 1419 488 1478 beneficio
503 1440 633 1498 perverse
647 1427 810 1478 uterentur:
832 1421 919 1478 etiam
934 1441 982 1497 pa·

138 1499 283 1557 trimoniis
299 1500 406 1557 multos
422 1500 496 1558 rnale
517 1501 568 1570 uti,
581 1519 633 1557 nec
654 1501 691 1557 ob
712 1519 775 1558 eam
797 1519 911 1557 causam
932 1519 982 1557 eos

138 1577 310 1637 beneficium
327 1599 344 1637 a
358 1580 487 1656 patribus
503 1580 613 1637 nullum
631 1579 743 1638 habere.
785 1579 981 1657 Quisquamne

138 1659 214 1716 istnc
230 1661 336 1736 negati
357 1667 407 1716 aut
420 1679 493 1736 qnae
510 1661 596 1718 estin
614 1660 765 1718 collatione
780 1662 835 1718 ista
851 1659 982 1717 similitu·

139 1739 197 1797 dol
238 1739 266 1796 N
268 1759 299 1797 ec
313 1740 391 1797 eninr
405 1739 524 1798 Herculi
538 1737 642 1799 iroeere
653 1740 790 1798 Deianira
804 1739 903 1811 voluit,
915 1759 981 1797 cnm

139 1820 167 1876 ei
178 1819 305 1877 tunicam
315 1819 458 1896 sanguine
464 1819 601 1877 Centauri
609 1821 730 1878 tinctam
740 1820 889 1891 dedit,nec
898 1820 982 1898 prod·

140 1918 201 1970 esse
215 1899 344 1956 Pheraeo
359 1898 454 1956 Iasoni
468 1899 500 1970 is,
512 1899 561 1976 qui
575 1899 672 1977 gladio
687 1901 828 1957 vomicam
843 1901 904 1958 eius
918 1920 983 1976 ape

139 1979 206 2048 ruit,
218 1998 302 2056 quarn
314 1998 412 2036 sanare
426 1979 531 2036 medici
541 1999 599 2036 non
611 1987 773 2056 potuerant.
808 1980 893 2037 Multi
904 1981 982 2037 euim

139 2065 179 2128 et,
190 2078 256 2115 cum
278 2059 377 2116 obesse
394 2058 505 2130 vellent,
518 2059 690 2136 profuerunt
706 2068 742 2130 et,
755 2080 821 2117 cum
838 2060 980 2137 prodesse,

140 2138 303 2195 obfuerunt.
346 2138 393 2195 Ita
409 2158 468 2195 non
484 2139 518 2196 fit
534 2158 569 2196 ex
585 2158 629 2211 eo,
642 2139 720 2216 quod
734 2140 825 2211 datur,
838 2146 872 2197 ut
885 2140 983 2197 volun·

139 2225 185 2275 tas
202 2219 270 2289 eius,
284 2219 333 2295 qui
350 2218 469 2290 dederit,
482 2226 624 2296 appareat,
637 2238 697 2290 nec,
711 2223 734 2275 si
751 2220 783 2290 is,
797 2221 846 2296 qni
863 2221 981 2296 accepit,

139 2297 214 2355 bene
234 2299 332 2369 utitur,
344 2297 452 2356 ideirco
472 2299 505 2370 is,
519 2299 569 2376 qui
589 2298 678 2370 dedit,
691 2300 781 2356 amice
803 2299 890 2356 dedit.
935 2300 980 2356 71.

140 2376 222 2446 Quae
244 2381 320 2435 enlm
342 2377 441 2450 libido,
461 2397 532 2455 quae
555 2379 680 2449 avaritia,
700 2378 777 2456 quod
800 2379 911 2435 facinus
934 2387 983 2434 aut

141 2457 295 2534 suscipitur
309 2458 365 2515 nisi
378 2458 498 2515 consilio
513 2464 598 2535 capto
613 2466 662 2516 aut
677 2458 737 2514 sine
752 2458 840 2514 animi
854 2465 936 2515 motu
954 2464 983 2515 et

141 2537 326 2613 cogitatione,
338 2538 368 2594 id
389 2545 440 2608 est,
455 2539 566 2596 ratione
587 2537 751 2615 perficiturl
792 2537 868 2594 Nam
890 2537 983 2594 omnis

141 2617 242 2693 opinio
259 2618 333 2675 ratio
351 2625 402 2689 est,
415 2626 444 2675 et
460 2618 578 2695 quidem
595 2618 671 2674 bona
687 2618 769 2688 ratio,
782 2617 806 2674 si
823 2636 896 2687 vera,
908 2616 984 2673 mala

141 2703 247 2766 autem,
260 2697 284 2754 si
297 2697 370 2754 falsa
385 2705 429 2755 est
444 2699 551 2774 opinio.
595 2697 652 2756 Sed
667 2717 683 2754 a
699 2698 754 2755 deo
768 2702 882 2754 tanturn
899 2696 983 2753 ratio-

141 2795 208 2832 nem
222 2775 369 2848 habemus
380 2778 403 2834 si
414 2778 502 2834 modo
513 2776 659 2847 habemus,
669 2776 774 2834 bonam
790 2784 885 2834 autem
900 2776 983 2833 ratio-

142 2875 209 2913 nem
226 2864 348 2914 autnon
365 2857 470 2914 bonam
492 2877 508 2914 a
528 2857 619 2914 nobis
663 2857 692 2914 N
693 2876 730 2914 on
751 2857 837 2927 enim,
849 2865 882 2914 ut
899 2856 984 2932 patri-

142 2937 271 2994 monium
297 2937 475 3014 relinquitur,
494 2938 534 2994 sic
554 2938 627 2994 ratio
649 2945 693 2994 est
713 2936 824 2993 homini
845 2935 983 2994 beneficio

142 3015 262 3073 deorum
284 3016 358 3074 data
401 3017 478 3086 Quid
495 3017 572 3074 enirn
589 3017 687 3092 potius
705 3016 872 3074 hominibus
893 3015 984 3073 dedis·

143 3101 215 3165 sent,
228 3097 251 3152 si
265 3094 301 3152 iis
318 3115 419 3154 nocere
434 3096 607 3153 voluissent?
648 3095 809 3153 Iniustitiae
826 3104 930 3165 autern,
943 3095 986 3151 in·

142 3176 357 3252 temperantiae,
369 3175 534 3234 timiditatis
556 3193 627 3250 quae
648 3175 758 3231 semina
777 3183 879 3245 essent,
895 3175 920 3232 si
939 3173 985 3230 his
