<?xml version="1.0" encoding="UTF-8"?>
<!DOCTYPE html PUBLIC "-//W3C//DTD XHTML 1.0 Transitional//EN"
    "http://www.w3.org/TR/xhtml1/DTD/xhtml1-transitional.dtd">
<html xmlns="http://www.w3.org/1999/xhtml" xml:lang="en" lang="en">
 <head>
  <title>
</title>
<meta http-equiv="Content-Type" content="text/html;charset=utf-8" />
  <meta name='ocr-system' content='tesseract 3.04.00' />
  <meta name='ocr-capabilities' content='ocr_page ocr_carea ocr_par ocr_line ocrx_word'/>
</head>
<body>
  <div class='ocr_page' id='page_1' title='image "./mtulliiciceroni106cicegoog/mtulliiciceroni106cicegoog_0140.png"; bbox 0 0 2242 3436; ppageno 0'>
   <div class='ocr_carea' id='block_1_1' title="bbox 244 130 982 193">
    <p class='ocr_par' dir='ltr' id='par_1_1' title="bbox 244 130 982 193">
     <span class='ocr_line' id='line_1_1' title="bbox 244 130 982 193; baseline 0.004 -12"><span class='ocrx_word' id='word_1_1' title='bbox 244 132 314 182; x_wconf 87' lang='lat' dir='ltr'><strong>LIB.</strong></span> <span class='ocrx_word' id='word_1_2' title='bbox 328 131 390 192; x_wconf 88' lang='grc' dir='ltr'>ΙΙΙ.,</span> <span class='ocrx_word' id='word_1_3' title='bbox 406 130 482 180; x_wconf 87' lang='lat' dir='ltr'>CAP.</span> <span class='ocrx_word' id='word_1_4' title='bbox 498 130 731 193; x_wconf 64' lang='lat' dir='ltr'>XXIV-XXVI„</span> <span class='ocrx_word' id='word_1_5' title='bbox 747 130 761 190; x_wconf 66' lang='grc' dir='ltr'><strong>ξ</strong></span> <span class='ocrx_word' id='word_1_6' title='bbox 776 135 865 184; x_wconf 83' lang='grc'><strong>61-67.</strong></span> <span class='ocrx_word' id='word_1_7' title='bbox 936 139 982 184; x_wconf 76' lang='lat'>129</span> 
     </span>
    </p>
   </div>
   <div class='ocr_carea' id='block_1_2' title="bbox 95 233 983 1670">
    <p class='ocr_par' dir='ltr' id='par_1_2' title="bbox 95 233 983 950">
     <span class='ocr_line' id='line_1_2' title="bbox 140 233 983 314; baseline 0.001 -20"><span class='ocrx_word' id='word_1_8' title='bbox 140 236 328 313; x_wconf 89' lang='lat' dir='ltr'>disputemus,</span> <span class='ocrx_word' id='word_1_9' title='bbox 340 234 469 292; x_wconf 90' lang='lat' dir='ltr'>dicamus</span> <span class='ocrx_word' id='word_1_10' title='bbox 483 233 572 310; x_wconf 85' lang='lat' dir='ltr'>digna</span> <span class='ocrx_word' id='word_1_11' title='bbox 586 233 630 290; x_wconf 89' lang='lat' dir='ltr'>dis</span> <span class='ocrx_word' id='word_1_12' title='bbox 644 235 862 307; x_wconf 80' lang='lat' dir='ltr'><strong>immortalibus,</strong></span> <span class='ocrx_word' id='word_1_13' title='bbox 876 236 911 294; x_wconf 93' lang='lat' dir='ltr'>de</span> <span class='ocrx_word' id='word_1_14' title='bbox 923 239 983 314; x_wconf 91' lang='lat' dir='ltr'>qui-</span> 
     </span>
     <span class='ocr_line' id='line_1_3' title="bbox 95 313 982 394; baseline 0.001 -20"><span class='ocrx_word' id='word_1_15' title='bbox 95 353 99 360; x_wconf 88' lang='lat'>·</span> <span class='ocrx_word' id='word_1_16' title='bbox 139 316 194 374; x_wconf 90' lang='lat' dir='ltr'>bus</span> <span class='ocrx_word' id='word_1_17' title='bbox 207 315 300 373; x_wconf 91' lang='lat' dir='ltr'>habeo</span> <span class='ocrx_word' id='word_1_18' title='bbox 314 315 375 391; x_wconf 90' lang='lat' dir='ltr'>ipse</span> <span class='ocrx_word' id='word_1_19' title='bbox 391 313 469 391; x_wconf 91' lang='lat' dir='ltr'>quod</span> <span class='ocrx_word' id='word_1_20' title='bbox 480 314 609 383; x_wconf 89' lang='lat' dir='ltr'>sentiam,</span> <span class='ocrx_word' id='word_1_21' title='bbox 619 333 678 370; x_wconf 90' lang='lat' dir='ltr'>non</span> <span class='ocrx_word' id='word_1_22' title='bbox 690 314 781 372; x_wconf 89' lang='lat' dir='ltr'>habeo</span> <span class='ocrx_word' id='word_1_23' title='bbox 796 322 892 373; x_wconf 88' lang='lat' dir='ltr'>autem</span> <span class='ocrx_word' id='word_1_24' title='bbox 905 319 982 394; x_wconf 92' lang='lat' dir='ltr'>quod</span> 
     </span>
     <span class='ocr_line' id='line_1_4' title="bbox 139 393 982 469; baseline 0.001 -16"><span class='ocrx_word' id='word_1_25' title='bbox 139 395 195 453; x_wconf 90' lang='lat' dir='ltr'>tibi</span> <span class='ocrx_word' id='word_1_26' title='bbox 212 395 361 452; x_wconf 88' lang='lat' dir='ltr'>adsentiar.</span> <span class='ocrx_word' id='word_1_27' title='bbox 405 393 575 469; x_wconf 78' lang='lat' dir='ltr'><strong>Neptunum</strong></span> <span class='ocrx_word' id='word_1_28' title='bbox 596 413 657 450; x_wconf 89' lang='lat' dir='ltr'>esse</span> <span class='ocrx_word' id='word_1_29' title='bbox 678 393 749 450; x_wconf 88' lang='lat' dir='ltr'>dicis</span> <span class='ocrx_word' id='word_1_30' title='bbox 770 395 899 452; x_wconf 87' lang='lat' dir='ltr'>animum</span> <span class='ocrx_word' id='word_1_31' title='bbox 916 416 982 454; x_wconf 90' lang='lat' dir='ltr'>cum</span> 
     </span>
     <span class='ocr_line' id='line_1_5' title="bbox 140 473 980 552; baseline 0.004 -20"><span class='ocrx_word' id='word_1_32' title='bbox 140 474 336 552; x_wconf 82' lang='lat' dir='ltr'>intellegentia</span> <span class='ocrx_word' id='word_1_33' title='bbox 352 493 403 549; x_wconf 90' lang='lat' dir='ltr'>per</span> <span class='ocrx_word' id='word_1_34' title='bbox 418 491 496 530; x_wconf 92' lang='lat' dir='ltr'>mare</span> <span class='ocrx_word' id='word_1_35' title='bbox 512 473 713 549; x_wconf 78' lang='lat' dir='ltr'>pertinentem,</span> <span class='ocrx_word' id='word_1_36' title='bbox 725 474 803 532; x_wconf 91' lang='lat' dir='ltr'>idem</span> <span class='ocrx_word' id='word_1_37' title='bbox 817 475 853 532; x_wconf 91' lang='lat' dir='ltr'>de</span> <span class='ocrx_word' id='word_1_38' title='bbox 871 475 980 535; x_wconf 84' lang='lat' dir='ltr'>Cerere.</span> 
     </span>
     <span class='ocr_line' id='line_1_6' title="bbox 140 552 981 628; baseline 0.002 -17"><span class='ocrx_word' id='word_1_39' title='bbox 140 555 229 613; x_wconf 90' lang='lat' dir='ltr'>Istam</span> <span class='ocrx_word' id='word_1_40' title='bbox 244 561 340 612; x_wconf 85' lang='lat' dir='ltr'>autem</span> <span class='ocrx_word' id='word_1_41' title='bbox 354 552 578 628; x_wconf 76' lang='lat' dir='ltr'>intellegentiam</span> <span class='ocrx_word' id='word_1_42' title='bbox 594 560 645 610; x_wconf 87' lang='lat' dir='ltr'>aut</span> <span class='ocrx_word' id='word_1_43' title='bbox 657 554 744 610; x_wconf 90' lang='lat' dir='ltr'>maris</span> <span class='ocrx_word' id='word_1_44' title='bbox 758 562 809 611; x_wconf 88' lang='lat' dir='ltr'>aut</span> <span class='ocrx_word' id='word_1_45' title='bbox 818 562 909 614; x_wconf 89' lang='lat' dir='ltr'>terrae</span> <span class='ocrx_word' id='word_1_46' title='bbox 922 576 981 614; x_wconf 92' lang='lat' dir='ltr'>non</span> 
     </span>
     <span class='ocr_line' id='line_1_7' title="bbox 139 632 982 713; baseline 0.002 -22"><span class='ocrx_word' id='word_1_47' title='bbox 139 634 228 691; x_wconf 92' lang='lat' dir='ltr'>modo</span> <span class='ocrx_word' id='word_1_48' title='bbox 245 632 486 710; x_wconf 85' lang='lat' dir='ltr'>comprehendere</span> <span class='ocrx_word' id='word_1_49' title='bbox 502 632 609 703; x_wconf 83' lang='lat' dir='ltr'>auimo,</span> <span class='ocrx_word' id='word_1_50' title='bbox 622 633 671 689; x_wconf 90' lang='lat' dir='ltr'>sed</span> <span class='ocrx_word' id='word_1_51' title='bbox 688 652 725 690; x_wconf 91' lang='lat' dir='ltr'>ne</span> <span class='ocrx_word' id='word_1_52' title='bbox 743 635 904 711; x_wconf 84' lang='lat' dir='ltr'>suspicione</span> <span class='ocrx_word' id='word_1_53' title='bbox 922 637 982 713; x_wconf 90' lang='lat' dir='ltr'>qui-</span> 
     </span>
     <span class='ocr_line' id='line_1_8' title="bbox 139 711 982 792; baseline 0.002 -20"><span class='ocrx_word' id='word_1_54' title='bbox 139 715 205 772; x_wconf 91' lang='lat' dir='ltr'>dem</span> <span class='ocrx_word' id='word_1_55' title='bbox 227 733 345 790; x_wconf 89' lang='lat' dir='ltr'>possum</span> <span class='ocrx_word' id='word_1_56' title='bbox 367 713 516 788; x_wconf 85' lang='lat' dir='ltr'>attingere.</span> <span class='ocrx_word' id='word_1_57' title='bbox 559 711 660 789; x_wconf 88' lang='lat' dir='ltr'>Itaque</span> <span class='ocrx_word' id='word_1_58' title='bbox 677 713 792 772; x_wconf 82' lang='lat' dir='ltr'>aliunde</span> <span class='ocrx_word' id='word_1_59' title='bbox 809 714 881 771; x_wconf 91' lang='lat' dir='ltr'>mihi</span> <span class='ocrx_word' id='word_1_60' title='bbox 899 735 982 792; x_wconf 86' lang='lat' dir='ltr'>qua-e·</span> 
     </span>
     <span class='ocr_line' id='line_1_9' title="bbox 138 791 980 869; baseline 0.004 -18"><span class='ocrx_word' id='word_1_61' title='bbox 138 793 262 851; x_wconf 91' lang='lat' dir='ltr'>rendum</span> <span class='ocrx_word' id='word_1_62' title='bbox 278 801 329 864; x_wconf 78' lang='lat' dir='ltr'>est,</span> <span class='ocrx_word' id='word_1_63' title='bbox 345 799 378 851; x_wconf 91' lang='lat' dir='ltr'>ut</span> <span class='ocrx_word' id='word_1_64' title='bbox 395 799 424 850; x_wconf 89' lang='lat' dir='ltr'>ct</span> <span class='ocrx_word' id='word_1_65' title='bbox 440 810 501 849; x_wconf 88' lang='lat' dir='ltr'>esse</span> <span class='ocrx_word' id='word_1_66' title='bbox 518 791 630 849; x_wconf 88' lang='lat' dir='ltr'>deeset</span> <span class='ocrx_word' id='word_1_67' title='bbox 646 793 742 869; x_wconf 89' lang='lat' dir='ltr'>quales</span> <span class='ocrx_word' id='word_1_68' title='bbox 757 794 815 851; x_wconf 87' lang='lat' dir='ltr'>sint</span> <span class='ocrx_word' id='word_1_69' title='bbox 828 794 858 852; x_wconf 90' lang='lat' dir='ltr'>di</span> <span class='ocrx_word' id='word_1_70' title='bbox 873 795 980 854; x_wconf 85' lang='lat' dir='ltr'>discere</span> 
     </span>
     <span class='ocr_line' id='line_1_10' title="bbox 138 871 717 950; baseline 0.002 -20"><span class='ocrx_word' id='word_1_71' title='bbox 138 873 256 950; x_wconf 82' lang='lat' dir='ltr'>possim,</span> <span class='ocrx_word' id='word_1_72' title='bbox 270 893 355 950; x_wconf 90' lang='lat' dir='ltr'>quam</span> <span class='ocrx_word' id='word_1_73' title='bbox 371 871 468 949; x_wconf 90' lang='lat' dir='ltr'>quales</span> <span class='ocrx_word' id='word_1_74' title='bbox 482 879 515 928; x_wconf 92' lang='lat' dir='ltr'>tu</span> <span class='ocrx_word' id='word_1_75' title='bbox 529 891 577 928; x_wconf 91' lang='lat' dir='ltr'>eos</span> <span class='ocrx_word' id='word_1_76' title='bbox 592 891 653 930; x_wconf 88' lang='lat' dir='ltr'>esse</span> <span class='ocrx_word' id='word_1_77' title='bbox 667 873 717 931; x_wconf 88' lang='lat' dir='ltr'>vis.</span> 
     </span>
    </p>

    <p class='ocr_par' dir='ltr' id='par_1_3' title="bbox 138 952 983 1670">
     <span class='ocr_line' id='line_1_11' title="bbox 180 952 981 1030; baseline 0.004 -21"><span class='ocrx_word' id='word_1_78' title='bbox 180 958 227 1011; x_wconf 89' lang='grc'>65.</span> <span class='ocrx_word' id='word_1_79' title='bbox 237 952 396 1011; x_wconf 87' lang='lat' dir='ltr'>Videamus</span> <span class='ocrx_word' id='word_1_80' title='bbox 407 971 529 1028; x_wconf 78' lang='lat' dir='ltr'>eaquae</span> <span class='ocrx_word' id='word_1_81' title='bbox 540 959 705 1029; x_wconf 90' lang='lat' dir='ltr'>sequuntur,</span> <span class='ocrx_word' id='word_1_82' title='bbox 714 952 838 1030; x_wconf 91' lang='lat' dir='ltr'>primum</span> <span class='ocrx_word' id='word_1_83' title='bbox 851 954 981 1012; x_wconf 87' lang='lat' dir='ltr'>deorum·</span> 
     </span>
     <span class='ocr_line' id='line_1_12' title="bbox 138 1031 981 1110; baseline 0.002 -20"><span class='ocrx_word' id='word_1_84' title='bbox 138 1052 176 1090; x_wconf 89' lang='lat' dir='ltr'>ae</span> <span class='ocrx_word' id='word_1_85' title='bbox 193 1033 375 1110; x_wconf 90' lang='lat' dir='ltr'>providentia</span> <span class='ocrx_word' id='word_1_86' title='bbox 392 1031 517 1088; x_wconf 91' lang='lat' dir='ltr'>mundus</span> <span class='ocrx_word' id='word_1_87' title='bbox 534 1039 656 1108; x_wconf 84' lang='lat' dir='ltr'>regatur,</span> <span class='ocrx_word' id='word_1_88' title='bbox 672 1033 776 1091; x_wconf 88' lang='lat' dir='ltr'>deiude</span> <span class='ocrx_word' id='word_1_89' title='bbox 795 1034 981 1092; x_wconf 84' lang='lat' dir='ltr'>consulantne</span> 
     </span>
     <span class='ocr_line' id='line_1_13' title="bbox 138 1111 981 1191; baseline 0.002 -21"><span class='ocrx_word' id='word_1_90' title='bbox 138 1112 224 1170; x_wconf 89' lang='lat' dir='ltr'>rebus</span> <span class='ocrx_word' id='word_1_91' title='bbox 244 1113 384 1170; x_wconf 90' lang='lat' dir='ltr'>humanis.</span> <span class='ocrx_word' id='word_1_92' title='bbox 427 1111 508 1169; x_wconf 89' lang='lat' dir='ltr'>Haec</span> <span class='ocrx_word' id='word_1_93' title='bbox 525 1113 602 1169; x_wconf 88' lang='lat' dir='ltr'>enim</span> <span class='ocrx_word' id='word_1_94' title='bbox 616 1113 688 1170; x_wconf 91' lang='lat' dir='ltr'>mihi</span> <span class='ocrx_word' id='word_1_95' title='bbox 709 1133 744 1171; x_wconf 85' lang='lat' dir='ltr'>ex</span> <span class='ocrx_word' id='word_1_96' title='bbox 760 1121 811 1172; x_wconf 89' lang='lat' dir='ltr'>tua</span> <span class='ocrx_word' id='word_1_97' title='bbox 827 1115 981 1191; x_wconf 85' lang='lat' dir='ltr'>partitione</span> 
     </span>
     <span class='ocr_line' id='line_1_14' title="bbox 139 1191 982 1269; baseline 0.002 -19"><span class='ocrx_word' id='word_1_98' title='bbox 139 1199 248 1250; x_wconf 89' lang='lat' dir='ltr'>restant</span> <span class='ocrx_word' id='word_1_99' title='bbox 268 1192 335 1250; x_wconf 91' lang='lat' dir='ltr'>duo.</span> <span class='ocrx_word' id='word_1_100' title='bbox 367 1192 413 1249; x_wconf 90' lang='lat' dir='ltr'>De</span> <span class='ocrx_word' id='word_1_101' title='bbox 432 1191 544 1269; x_wconf 88' lang='lat' dir='ltr'>quibus,</span> <span class='ocrx_word' id='word_1_102' title='bbox 557 1193 581 1249; x_wconf 87' lang='lat' dir='ltr'>si</span> <span class='ocrx_word' id='word_1_103' title='bbox 595 1193 677 1250; x_wconf 87' lang='lat' dir='ltr'>vobis</span> <span class='ocrx_word' id='word_1_104' title='bbox 687 1194 809 1264; x_wconf 89' lang='lat' dir='ltr'>videtur,</span> <span class='ocrx_word' id='word_1_105' title='bbox 824 1196 982 1252; x_wconf 86' lang='lat' dir='ltr'>accuratius</span> 
     </span>
     <span class='ocr_line' id='line_1_15' title="bbox 140 1271 982 1352; baseline 0.001 -22"><span class='ocrx_word' id='word_1_106' title='bbox 140 1272 336 1330; x_wconf 90' lang='lat' dir='ltr'>disserendum</span> <span class='ocrx_word' id='word_1_107' title='bbox 350 1281 430 1350; x_wconf 84' lang='lat' dir='ltr'>puto.</span> <span class='ocrx_word' id='word_1_108' title='bbox 467 1271 541 1330; x_wconf 92' lang='lat' dir='ltr'>Mihi</span> <span class='ocrx_word' id='word_1_109' title='bbox 555 1291 630 1344; x_wconf 83' lang='lat' dir='ltr'>vero,</span> <span class='ocrx_word' id='word_1_110' title='bbox 646 1273 741 1352; x_wconf 88' lang='lat' dir='ltr'>inquit</span> <span class='ocrx_word' id='word_1_111' title='bbox 754 1274 890 1345; x_wconf 86' lang='lat' dir='ltr'>Velleius,</span> <span class='ocrx_word' id='word_1_112' title='bbox 902 1275 982 1332; x_wconf 88' lang='lat' dir='ltr'>valde</span> 
     </span>
     <span class='ocr_line' id='line_1_16' title="bbox 139 1353 983 1431; baseline 0.004 -23"><span class='ocrx_word' id='word_1_113' title='bbox 139 1353 267 1410; x_wconf 87' lang='lat' dir='ltr'>videtur:</span> <span class='ocrx_word' id='word_1_114' title='bbox 288 1361 356 1410; x_wconf 87' lang='lat' dir='ltr'>nam</span> <span class='ocrx_word' id='word_1_115' title='bbox 378 1359 407 1410; x_wconf 90' lang='lat' dir='ltr'>et</span> <span class='ocrx_word' id='word_1_116' title='bbox 425 1353 534 1409; x_wconf 90' lang='lat' dir='ltr'>maiora</span> <span class='ocrx_word' id='word_1_117' title='bbox 550 1359 684 1430; x_wconf 85' lang='lat' dir='ltr'>exspecto</span> <span class='ocrx_word' id='word_1_118' title='bbox 701 1361 730 1410; x_wconf 91' lang='lat' dir='ltr'>et</span> <span class='ocrx_word' id='word_1_119' title='bbox 747 1353 800 1424; x_wconf 88' lang='lat' dir='ltr'>his,</span> <span class='ocrx_word' id='word_1_120' title='bbox 817 1373 889 1431; x_wconf 88' lang='lat' dir='ltr'>qnae</span> <span class='ocrx_word' id='word_1_121' title='bbox 906 1354 983 1411; x_wconf 87' lang='lat' dir='ltr'>dicta</span> 
     </span>
     <span class='ocr_line' id='line_1_17' title="bbox 140 1432 982 1510; baseline 0.002 -22"><span class='ocrx_word' id='word_1_122' title='bbox 140 1439 216 1504; x_wconf 87' lang='lat' dir='ltr'>sunt,</span> <span class='ocrx_word' id='word_1_123' title='bbox 229 1432 411 1491; x_wconf 89' lang='lat' dir='ltr'>vehementer</span> <span class='ocrx_word' id='word_1_124' title='bbox 425 1432 577 1490; x_wconf 90' lang='lat' dir='ltr'>adsentior.</span> <span class='ocrx_word' id='word_1_125' title='bbox 612 1432 687 1490; x_wconf 91' lang='lat' dir='ltr'>Tum</span> <span class='ocrx_word' id='word_1_126' title='bbox 701 1432 824 1490; x_wconf 91' lang='lat' dir='ltr'>Balbus:</span> <span class='ocrx_word' id='word_1_127' title='bbox 846 1433 982 1510; x_wconf 88' lang='lat' dir='ltr'>Interpel-</span> 
     </span>
     <span class='ocr_line' id='line_1_18' title="bbox 139 1512 983 1590; baseline 0.001 -21"><span class='ocrx_word' id='word_1_128' title='bbox 139 1513 197 1570; x_wconf 89' lang='lat' dir='ltr'>lare</span> <span class='ocrx_word' id='word_1_129' title='bbox 214 1520 252 1581; x_wconf 90' lang='lat' dir='ltr'>te‚</span> <span class='ocrx_word' id='word_1_130' title='bbox 264 1513 367 1590; x_wconf 83' lang='lat' dir='ltr'>inquit,</span> <span class='ocrx_word' id='word_1_131' title='bbox 379 1513 474 1583; x_wconf 75' lang='lat' dir='ltr'>Cotta,</span> <span class='ocrx_word' id='word_1_132' title='bbox 487 1512 563 1583; x_wconf 76' lang='lat' dir='ltr'>nolo,</span> <span class='ocrx_word' id='word_1_133' title='bbox 576 1513 626 1569; x_wconf 90' lang='lat' dir='ltr'>sed</span> <span class='ocrx_word' id='word_1_134' title='bbox 643 1532 787 1570; x_wconf 89' lang='lat' dir='ltr'>sumemus</span> <span class='ocrx_word' id='word_1_135' title='bbox 804 1521 918 1589; x_wconf 91' lang='lat' dir='ltr'>tempus</span> <span class='ocrx_word' id='word_1_136' title='bbox 934 1513 983 1570; x_wconf 88' lang='lat' dir='ltr'>ali·</span> 
     </span>
     <span class='ocr_line' id='line_1_19' title="bbox 139 1591 829 1670; baseline 0.003 -21"><span class='ocrx_word' id='word_1_137' title='bbox 139 1593 197 1650; x_wconf 91' lang='lat' dir='ltr'>ud:</span> <span class='ocrx_word' id='word_1_138' title='bbox 219 1591 339 1650; x_wconf 90' lang='lat' dir='ltr'>efficiam</span> <span class='ocrx_word' id='word_1_139' title='bbox 354 1593 486 1670; x_wconf 84' lang='lat' dir='ltr'>profecto</span> <span class='ocrx_word' id='word_1_140' title='bbox 500 1599 533 1649; x_wconf 91' lang='lat' dir='ltr'>ut</span> <span class='ocrx_word' id='word_1_141' title='bbox 547 1593 661 1650; x_wconf 88' lang='lat' dir='ltr'>fateare.</span> <span class='ocrx_word' id='word_1_142' title='bbox 704 1592 762 1650; x_wconf 83' lang='lat' dir='ltr'>sed</span> <span class='ocrx_word' id='word_1_143' title='bbox 776 1637 783 1651; x_wconf 90' lang='lat'><strong>.</strong></span> <span class='ocrx_word' id='word_1_144' title='bbox 799 1637 805 1650; x_wconf 92' lang='lat'><em>.</em></span> <span class='ocrx_word' id='word_1_145' title='bbox 822 1637 829 1651; x_wconf 90' lang='lat'><strong>.</strong></span> 
     </span>
    </p>
   </div>
   <div class='ocr_carea' id='block_1_3' title="bbox 437 1715 687 1800">
    <p class='ocr_par' dir='ltr' id='par_1_4' title="bbox 437 1715 687 1800">
     <span class='ocr_line' id='line_1_20' title="bbox 437 1715 687 1800; baseline 0.004 -22"><span class='ocrx_word' id='word_1_146' title='bbox 437 1715 551 1796; x_wconf 79' lang='lat' dir='ltr'>[Multa</span> <span class='ocrx_word' id='word_1_147' title='bbox 565 1719 687 1800; x_wconf 81' lang='lat' dir='ltr'>desunt]</span> 
     </span>
    </p>
   </div>
   <div class='ocr_carea' id='block_1_4' title="bbox 173 1852 867 1915">
    <p class='ocr_par' dir='ltr' id='par_1_5' title="bbox 173 1852 867 1915">
     <span class='ocr_line' id='line_1_21' title="bbox 173 1852 867 1915; baseline 0.003 -15"><span class='ocrx_word' id='word_1_148' title='bbox 173 1852 337 1915; x_wconf 85' lang='lat' dir='ltr'>Nequaquam</span> <span class='ocrx_word' id='word_1_149' title='bbox 349 1852 413 1900; x_wconf 90' lang='lat' dir='ltr'>istuc</span> <span class='ocrx_word' id='word_1_150' title='bbox 424 1852 486 1901; x_wconf 89' lang='lat' dir='ltr'>istac</span> <span class='ocrx_word' id='word_1_151' title='bbox 497 1853 557 1902; x_wconf 90' lang='lat' dir='ltr'>ibit:</span> <span class='ocrx_word' id='word_1_152' title='bbox 577 1867 669 1912; x_wconf 83' lang='lat' dir='ltr'>magna</span> <span class='ocrx_word' id='word_1_153' title='bbox 680 1853 745 1901; x_wconf 88' lang='lat' dir='ltr'>inest</span> <span class='ocrx_word' id='word_1_154' title='bbox 756 1853 867 1902; x_wconf 86' lang='lat' dir='ltr'>certatio.</span> 
     </span>
    </p>
   </div>
   <div class='ocr_carea' id='block_1_5' title="bbox 173 1982 897 2108">
    <p class='ocr_par' dir='ltr' id='par_1_6' title="bbox 173 1982 897 2108">
     <span class='ocr_line' id='line_1_22' title="bbox 173 1982 897 2047; baseline 0.003 -17"><span class='ocrx_word' id='word_1_155' title='bbox 173 1983 240 2030; x_wconf 87' lang='lat' dir='ltr'>Nam</span> <span class='ocrx_word' id='word_1_156' title='bbox 252 1991 279 2030; x_wconf 89' lang='lat' dir='ltr'>ut</span> <span class='ocrx_word' id='word_1_157' title='bbox 290 1997 336 2042; x_wconf 83' lang='lat' dir='ltr'>ego</span> <span class='ocrx_word' id='word_1_158' title='bbox 347 1983 396 2030; x_wconf 87' lang='lat' dir='ltr'>illis</span> <span class='ocrx_word' id='word_1_159' title='bbox 408 1982 572 2045; x_wconf 87' lang='lat' dir='ltr'>supplicarem</span> <span class='ocrx_word' id='word_1_160' title='bbox 583 1991 654 2031; x_wconf 88' lang='lat' dir='ltr'>tanta</span> <span class='ocrx_word' id='word_1_161' title='bbox 665 1982 897 2047; x_wconf 84' lang='lat' dir='ltr'>blandiloquentia?</span> 
     </span>
     <span class='ocr_line' id='line_1_23' title="bbox 174 2047 383 2108; baseline 0.005 -12"><span class='ocrx_word' id='word_1_162' title='bbox 174 2047 257 2108; x_wconf 85' lang='lat' dir='ltr'>Quum</span> <span class='ocrx_word' id='word_1_163' title='bbox 268 2048 300 2096; x_wconf 92' lang='lat' dir='ltr'>ob</span> <span class='ocrx_word' id='word_1_164' title='bbox 311 2049 383 2097; x_wconf 78' lang='lat' dir='ltr'>rem?</span> 
     </span>
    </p>
   </div>
   <div class='ocr_carea' id='block_1_6' title="bbox 140 2165 986 2383">
    <p class='ocr_par' dir='ltr' id='par_1_7' title="bbox 140 2165 986 2383">
     <span class='ocr_line' id='line_1_24' title="bbox 140 2165 986 2243; baseline 0 -20"><span class='ocrx_word' id='word_1_165' title='bbox 140 2165 255 2223; x_wconf 91' lang='lat' dir='ltr'>XXVI.</span> <span class='ocrx_word' id='word_1_166' title='bbox 292 2170 339 2222; x_wconf 85' lang='lat'>66.</span> <span class='ocrx_word' id='word_1_167' title='bbox 354 2165 499 2222; x_wconf 88' lang='lat' dir='ltr'>Parumne</span> <span class='ocrx_word' id='word_1_168' title='bbox 514 2165 676 2222; x_wconf 90' lang='lat' dir='ltr'>ratiocinari</span> <span class='ocrx_word' id='word_1_169' title='bbox 688 2165 801 2224; x_wconf 90' lang='lat' dir='ltr'>videtur</span> <span class='ocrx_word' id='word_1_170' title='bbox 815 2173 844 2224; x_wconf 90' lang='lat' dir='ltr'>et</span> <span class='ocrx_word' id='word_1_171' title='bbox 858 2166 912 2224; x_wconf 91' lang='lat' dir='ltr'>sibi</span> <span class='ocrx_word' id='word_1_172' title='bbox 923 2166 986 2243; x_wconf 90' lang='lat' dir='ltr'>ipsa</span> 
     </span>
     <span class='ocr_line' id='line_1_25' title="bbox 140 2244 986 2383; baseline 0.001 -81"><span class='ocrx_word' id='word_1_173' title='bbox 140 2245 406 2383; x_wconf 50' lang='lat' dir='ltr'>ppfppppppoep&#39;estem</span> <span class='ocrx_word' id='word_1_174' title='bbox 419 2245 597 2303; x_wconf 70' lang='lat' dir='ltr'>machinari?</span> <span class='ocrx_word' id='word_1_175' title='bbox 639 2244 716 2303; x_wconf 93' lang='lat' dir='ltr'>Illud</span> <span class='ocrx_word' id='word_1_176' title='bbox 729 2266 795 2304; x_wconf 90' lang='lat' dir='ltr'>vero</span> <span class='ocrx_word' id='word_1_177' title='bbox 811 2266 896 2324; x_wconf 92' lang='lat' dir='ltr'>quam</span> <span class='ocrx_word' id='word_1_178' title='bbox 911 2247 986 2304; x_wconf 86' lang='lat' dir='ltr'>ealli-</span> 
     </span>
    </p>
   </div>
   <div class='ocr_carea' id='block_1_7' title="bbox 173 2450 932 2514">
    <p class='ocr_par' dir='ltr' id='par_1_8' title="bbox 173 2450 932 2514">
     <span class='ocr_line' id='line_1_26' title="bbox 173 2450 932 2514; baseline 0.003 -14"><span class='ocrx_word' id='word_1_179' title='bbox 173 2452 223 2513; x_wconf 85' lang='lat' dir='ltr'>Qui</span> <span class='ocrx_word' id='word_1_180' title='bbox 233 2451 285 2500; x_wconf 85' lang='lat' dir='ltr'>volt</span> <span class='ocrx_word' id='word_1_181' title='bbox 297 2450 429 2514; x_wconf 87' lang='lat' dir='ltr'>essequod</span> <span class='ocrx_word' id='word_1_182' title='bbox 440 2451 498 2509; x_wconf 85' lang='lat' dir='ltr'>volt,</span> <span class='ocrx_word' id='word_1_183' title='bbox 506 2451 543 2500; x_wconf 88' lang='lat' dir='ltr'>ita</span> <span class='ocrx_word' id='word_1_184' title='bbox 554 2451 597 2500; x_wconf 89' lang='lat' dir='ltr'>dat</span> <span class='ocrx_word' id='word_1_185' title='bbox 609 2467 635 2502; x_wconf 91' lang='lat' dir='ltr'>se</span> <span class='ocrx_word' id='word_1_186' title='bbox 645 2467 692 2513; x_wconf 85' lang='lat' dir='ltr'>res,</span> <span class='ocrx_word' id='word_1_187' title='bbox 702 2459 730 2500; x_wconf 89' lang='lat' dir='ltr'>ut</span> <span class='ocrx_word' id='word_1_188' title='bbox 741 2466 843 2513; x_wconf 87' lang='lat' dir='ltr'>operam</span> <span class='ocrx_word' id='word_1_189' title='bbox 856 2451 932 2502; x_wconf 87' lang='lat' dir='ltr'>dabit.</span> 
     </span>
    </p>
   </div>
   <div class='ocr_carea' id='block_1_8' title="bbox 141 2574 848 2646">
    <p class='ocr_par' dir='ltr' id='par_1_9' title="bbox 141 2574 848 2646">
     <span class='ocr_line' id='line_1_27' title="bbox 141 2574 848 2646; baseline -0.001 -13"><span class='ocrx_word' id='word_1_190' title='bbox 141 2575 199 2646; x_wconf 81' lang='lat' dir='ltr'>Qui</span> <span class='ocrx_word' id='word_1_191' title='bbox 214 2583 257 2634; x_wconf 90' lang='lat' dir='ltr'>est</span> <span class='ocrx_word' id='word_1_192' title='bbox 271 2595 367 2633; x_wconf 87' lang='lat' dir='ltr'>versus</span> <span class='ocrx_word' id='word_1_193' title='bbox 383 2575 512 2632; x_wconf 91' lang='lat' dir='ltr'>omnium</span> <span class='ocrx_word' id='word_1_194' title='bbox 528 2575 683 2632; x_wconf 88' lang='lat' dir='ltr'>seminator</span> <span class='ocrx_word' id='word_1_195' title='bbox 699 2574 848 2633; x_wconf 90' lang='lat' dir='ltr'>malorum.</span> 
     </span>
    </p>
   </div>
   <div class='ocr_carea' id='block_1_9' title="bbox 175 2695 982 2887">
    <p class='ocr_par' dir='ltr' id='par_1_10' title="bbox 175 2695 982 2887">
     <span class='ocr_line' id='line_1_28' title="bbox 175 2695 819 2758; baseline -0.003 -12"><span class='ocrx_word' id='word_1_196' title='bbox 175 2696 221 2746; x_wconf 90' lang='lat' dir='ltr'>Ille</span> <span class='ocrx_word' id='word_1_197' title='bbox 232 2706 342 2745; x_wconf 75' lang='lat' dir='ltr'>traversa</span> <span class='ocrx_word' id='word_1_198' title='bbox 353 2703 437 2744; x_wconf 88' lang='lat' dir='ltr'>mente</span> <span class='ocrx_word' id='word_1_199' title='bbox 448 2696 484 2744; x_wconf 94' lang='lat' dir='ltr'>mi</span> <span class='ocrx_word' id='word_1_200' title='bbox 494 2695 569 2744; x_wconf 91' lang='lat' dir='ltr'>hodie</span> <span class='ocrx_word' id='word_1_201' title='bbox 580 2695 683 2744; x_wconf 86' lang='lat' dir='ltr'>tradidit</span> <span class='ocrx_word' id='word_1_202' title='bbox 694 2695 819 2758; x_wconf 84' lang='lat' dir='ltr'>repagula,</span> 
     </span>
     <span class='ocr_line' id='line_1_29' title="bbox 175 2759 982 2824; baseline 0 -16"><span class='ocrx_word' id='word_1_203' title='bbox 175 2761 271 2822; x_wconf 86' lang='lat' dir='ltr'>Quibus</span> <span class='ocrx_word' id='word_1_204' title='bbox 279 2776 325 2822; x_wconf 83' lang='lat' dir='ltr'>ego</span> <span class='ocrx_word' id='word_1_205' title='bbox 330 2762 394 2809; x_wconf 89' lang='lat' dir='ltr'>iram</span> <span class='ocrx_word' id='word_1_206' title='bbox 402 2776 502 2809; x_wconf 92' lang='lat' dir='ltr'>omnem</span> <span class='ocrx_word' id='word_1_207' title='bbox 509 2761 634 2811; x_wconf 88' lang='lat' dir='ltr'>recludam</span> <span class='ocrx_word' id='word_1_208' title='bbox 644 2772 719 2824; x_wconf 87' lang='lat' dir='ltr'>atque</span> <span class='ocrx_word' id='word_1_209' title='bbox 727 2761 761 2808; x_wconf 91' lang='lat' dir='ltr'>illi</span> <span class='ocrx_word' id='word_1_210' title='bbox 771 2759 902 2822; x_wconf 88' lang='lat' dir='ltr'>perniciem</span> <span class='ocrx_word' id='word_1_211' title='bbox 910 2759 982 2822; x_wconf 85' lang='lat' dir='ltr'>dabo,</span> 
     </span>
     <span class='ocr_line' id='line_1_30' title="bbox 175 2826 928 2887; baseline -0.003 -11"><span class='ocrx_word' id='word_1_212' title='bbox 175 2826 240 2876; x_wconf 91' lang='lat' dir='ltr'>Mihi</span> <span class='ocrx_word' id='word_1_213' title='bbox 253 2841 386 2887; x_wconf 83' lang='lat' dir='ltr'>maerores,</span> <span class='ocrx_word' id='word_1_214' title='bbox 397 2826 432 2874; x_wconf 94' lang='lat' dir='ltr'>illi</span> <span class='ocrx_word' id='word_1_215' title='bbox 445 2827 549 2887; x_wconf 85' lang='lat' dir='ltr'>luctum,</span> <span class='ocrx_word' id='word_1_216' title='bbox 559 2827 664 2875; x_wconf 81' lang='lat' dir='ltr'>exitium</span> <span class='ocrx_word' id='word_1_217' title='bbox 676 2826 720 2886; x_wconf 92' lang='lat' dir='ltr'>illi,</span> <span class='ocrx_word' id='word_1_218' title='bbox 731 2826 846 2874; x_wconf 85' lang='lat' dir='ltr'>exsilium</span> <span class='ocrx_word' id='word_1_219' title='bbox 859 2826 928 2874; x_wconf 92' lang='lat' dir='ltr'>mihi.</span> 
     </span>
    </p>
   </div>
   <div class='ocr_carea' id='block_1_10' title="bbox 142 2941 986 3264">
    <p class='ocr_par' dir='ltr' id='par_1_11' title="bbox 142 2941 986 3264">
     <span class='ocr_line' id='line_1_31' title="bbox 142 2941 986 3019; baseline -0.005 -17"><span class='ocrx_word' id='word_1_220' title='bbox 142 2945 227 3002; x_wconf 90' lang='lat' dir='ltr'>Hanc</span> <span class='ocrx_word' id='word_1_221' title='bbox 234 2943 367 3001; x_wconf 89' lang='lat' dir='ltr'>videlicet</span> <span class='ocrx_word' id='word_1_222' title='bbox 376 2943 617 3019; x_wconf 77' lang='lat' dir='ltr'>rationemquam</span> <span class='ocrx_word' id='word_1_223' title='bbox 625 2962 675 2999; x_wconf 93' lang='lat' dir='ltr'>vos</span> <span class='ocrx_word' id='word_1_224' title='bbox 684 2941 929 2999; x_wconf 88' lang='lat' dir='ltr'>divinobeneficio</span> <span class='ocrx_word' id='word_1_225' title='bbox 937 2942 986 2999; x_wconf 94' lang='lat' dir='ltr'>ho-</span> 
     </span>
     <span class='ocr_line' id='line_1_32' title="bbox 142 3021 983 3091; baseline -0.004 -10"><span class='ocrx_word' id='word_1_226' title='bbox 142 3025 216 3082; x_wconf 90' lang='lat' dir='ltr'>mini</span> <span class='ocrx_word' id='word_1_227' title='bbox 231 3023 323 3081; x_wconf 92' lang='lat' dir='ltr'>solum</span> <span class='ocrx_word' id='word_1_228' title='bbox 334 3022 473 3080; x_wconf 86' lang='lat' dir='ltr'>tributam</span> <span class='ocrx_word' id='word_1_229' title='bbox 484 3023 589 3091; x_wconf 85' lang='lat' dir='ltr'>dicitis,</span> <span class='ocrx_word' id='word_1_230' title='bbox 601 3022 708 3080; x_wconf 88' lang='lat' dir='ltr'>bestiae</span> <span class='ocrx_word' id='word_1_231' title='bbox 719 3041 777 3078; x_wconf 92' lang='lat' dir='ltr'>non</span> <span class='ocrx_word' id='word_1_232' title='bbox 788 3021 903 3078; x_wconf 86' lang='lat' dir='ltr'>habent.</span> <span class='ocrx_word' id='word_1_233' title='bbox 938 3023 983 3078; x_wconf 87' lang='grc'>67.</span> 
     </span>
     <span class='ocr_line' id='line_1_33' title="bbox 143 3101 986 3180; baseline -0.005 -18"><span class='ocrx_word' id='word_1_234' title='bbox 143 3104 272 3162; x_wconf 88' lang='lat' dir='ltr'>Videsne</span> <span class='ocrx_word' id='word_1_235' title='bbox 283 3103 372 3180; x_wconf 79' lang='lat' dir='ltr'>igitur</span> <span class='ocrx_word' id='word_1_236' title='bbox 383 3109 491 3179; x_wconf 90' lang='lat' dir='ltr'>quanto</span> <span class='ocrx_word' id='word_1_237' title='bbox 502 3121 619 3159; x_wconf 91' lang='lat' dir='ltr'>munere</span> <span class='ocrx_word' id='word_1_238' title='bbox 631 3102 749 3160; x_wconf 90' lang='lat' dir='ltr'>deorum</span> <span class='ocrx_word' id='word_1_239' title='bbox 762 3102 851 3158; x_wconf 86' lang='lat' dir='ltr'>simus</span> <span class='ocrx_word' id='word_1_240' title='bbox 862 3101 986 3158; x_wconf 83' lang='lat' dir='ltr'>adfectil</span> 
     </span>
     <span class='ocr_line' id='line_1_34' title="bbox 143 3180 934 3264; baseline -0.01 -20"><span class='ocrx_word' id='word_1_241' title='bbox 143 3185 243 3264; x_wconf 88' lang='lat' dir='ltr'>Atque</span> <span class='ocrx_word' id='word_1_242' title='bbox 257 3183 355 3245; x_wconf 84' lang='lat' dir='ltr'>eadem</span> <span class='ocrx_word' id='word_1_243' title='bbox 372 3181 474 3243; x_wconf 89' lang='lat' dir='ltr'>Medea</span> <span class='ocrx_word' id='word_1_244' title='bbox 487 3189 597 3262; x_wconf 85' lang='lat' dir='ltr'>patrem</span> <span class='ocrx_word' id='word_1_245' title='bbox 612 3181 790 3257; x_wconf 87' lang='lat' dir='ltr'>patriamque</span> <span class='ocrx_word' id='word_1_246' title='bbox 804 3180 934 3257; x_wconf 83' lang='lat' dir='ltr'>fugiens:</span> 
     </span>
    </p>
   </div>
   <div class='ocr_carea' id='block_1_11' title="bbox 0 0 1128 3436">
    <p class='ocr_par' dir='ltr' id='par_1_12' title="bbox 0 0 1128 3436">
     <span class='ocr_line' id='line_1_35' title="bbox 0 0 1128 3436; baseline 0 0"><span class='ocrx_word' id='word_1_247' title='bbox 0 0 1128 3436; x_wconf 95' lang='lat' dir='ltr'> </span> 
     </span>
    </p>
   </div>
   <div class='ocr_carea' id='block_1_12' title="bbox 1042 3053 1109 3404">
    <p class='ocr_par' dir='ltr' id='par_1_13' title="bbox 1042 3001 1109 3404">
     <span class='ocr_line' id='line_1_36' title="bbox 1042 3053 1109 3404; baseline 0 -380"><span class='ocrx_word' id='word_1_248' title='bbox 1042 3053 1109 3404; x_wconf 27' lang='lat' dir='ltr'>p</span> 
     </span>
    </p>
   </div>
  </div>
 </body>
</html>
