2242 3436
313 123 382 173 LIB.
396 123 458 185 111„
470 123 549 173 CAP.
563 124 691 186 X.-XlI.,
706 123 720 184 ἓ
735 127 824 175 25-31,
944 131 992 178 117

151 225 244 282 maior
260 231 311 297 est,
324 243 358 282 eo
374 224 471 282 minus
487 224 585 282 divina
600 225 710 283 ratione
727 224 788 284 fieri
802 227 992 286 existimanda

151 312 203 362 w

191 380 989 461 Xssttfflmmmmfflmmwfflmm

151 483 237 541 quem
252 463 289 520 ad
303 463 422 520 modum
436 463 610 521 dissolvitis?
650 463 681 521 Si
695 464 806 521 nullum
823 483 926 542 corpus
940 466 992 522 im-

150 543 271 601 mortale
288 544 334 614 sit,
353 543 463 622 nullum
483 562 544 600 esse
564 563 667 619 corpus
688 545 910 620 sempiternum:
932 565 992 603 cor·

150 643 205 700 pus
230 630 325 681 autem
348 622 510 680 immortale
531 623 640 680 nullum
665 641 733 693 esse,
751 642 787 680 ne
810 623 991 683 individuum

150 703 268 780 quidem
298 721 351 759 nce
382 703 460 780 quod
490 702 587 758 dirimi
616 702 770 760 distrahive
799 721 859 760 nou
889 704 989 781 possit.

150 783 282 859 Cumque
311 801 395 840 omne
420 781 524 839 animal
549 781 697 858 patibilem
723 790 854 840 naturam
878 781 990 855 habeat,

149 862 260 919 nullum
282 869 325 919 est
345 881 444 919 eorum
466 861 545 954 quod
564 862 685 938 effugiat
706 863 865 940 accipiendi
882 828 992 958 aliquid

149 943 332 1013 extrinsecus,
349 942 379 998 id
397 949 448 1013 est,
464 960 545 1018 quasi
536 941 717 999 ferendit
689 949 717 999 et
731 950 781 1019 pat
769 942 859 1000 tiendi
873 945 992 1002 necessi-

148 1030 248 1090 tatem,
261 1028 298 1092 et,
311 1022 335 1078 si
349 1040 434 1079 omne
449 1021 554 1078 animal
569 1021 624 1078 tale
641 1030 692 1092 est,
705 1022 867 1080 immortale
881 1024 992 1082 nullum

149 1108 201 1158 est.
243 1101 321 1178 Ergo
342 1101 489 1172 itidem,
468 1121 492 1158 sr
510 1120 595 1158 omne
617 1065 721 1158 auinial
739 1103 826 1159 secari
845 1122 878 1160 ac
899 1104 990 1161 dividi

148 1188 253 1257 potest,
269 1181 380 1239 nullum
396 1189 440 1238 est
456 1200 555 1238 eorum
572 1180 762 1252 individuum,
777 1181 887 1238 nullum
904 1190 991 1240 aeter·

148 1279 227 1318 num.
269 1260 362 1337 Atqui
380 1279 464 1318 omne
482 1260 587 1317 animal
604 1260 641 1317 ad
657 1260 851 1337 accipiendam
869 1263 927 1318 vim
945 1283 991 1320 ex-

147 1346 259 1398 ternam
288 1348 317 1397 et
340 1340 488 1398 ferendam
513 1346 644 1417 paratum
671 1347 730 1396 est:
758 1340 878 1398 mortale
902 1341 991 1418 igitur

148 1439 234 1478 omne
255 1419 360 1477 animal
378 1427 407 1477 et
424 1419 589 1477 dissolubile
610 1426 639 1476 ct
656 1419 805 1476 dividuum
823 1420 861 1477 sit
877 1439 991 1479 necesse

147 1506 199 1557 est.
243 1505 289 1557 30.
313 1499 356 1558 Ut
373 1499 459 1570 enim,
475 1500 499 1556 si
516 1499 610 1557 omnis
632 1517 696 1556 cera
716 1498 928 1556 commutabilis
948 1520 989 1558 es-

147 1586 199 1650 set,
215 1579 287 1636 nihil
305 1585 379 1637 esset
396 1598 516 1649 cereum,
530 1578 608 1655 quod
624 1579 794 1636 commutari
810 1597 869 1636 non
883 1587 988 1655 posset,

147 1658 1042 1736 MmffiMQmmmfflwmmmfflmmffi·

146 1747 222 1797 esset
238 1747 340 1797 natura
356 1739 467 1816 argenti
482 1745 511 1795 et
525 1740 611 1795 aeris:
636 1738 767 1795 similiter
782 1738 879 1815 igitur,
893 1739 916 1795 si
931 1759 990 1796 om-

146 1820 203 1890 nia,
220 1838 291 1895 quae
313 1826 420 1890 sunta
437 1818 541 1895 quibus
562 1825 665 1875 cuncta
685 1825 825 1888 constant,
840 1818 990 1876 mutabilia

146 1906 222 1968 sunt,
238 1899 348 1956 nullum
366 1917 469 1976 corpus
486 1917 546 1955 esse
563 1904 660 1974 potest
675 1916 735 1954 nou
751 1896 907 1955 mutabile:
929 1918 990 1956 mu·

145 1978 246 2036 tabilia
261 1986 358 2037 autem
373 1984 440 2035 suut
454 1977 510 2048 illa,
523 1997 557 2034 ex
573 1976 676 2054 quibus
691 1978 788 2034 omnia
802 1985 942 2049 constant,
954 1989 989 2036 ut

145 2059 228 2115 vobis
243 2059 372 2116 videtur:
394 2077 479 2115 omne
490 2057 580 2134 igitur
593 2075 697 2133 corpus
707 2056 844 2115 mutabile
858 2064 909 2115 est.
946 2060 989 2116 At

146 2139 171 2195 si
191 2146 265 2196 esset
286 2158 389 2215 corpus
409 2138 527 2215 aliquod
542 2136 713 2207 immortale,
729 2156 786 2193 uon
808 2145 882 2194 esset
903 2157 989 2196 omne

145 2218 301 2276 mutabile:
323 2219 364 2275 ita
385 2217 505 2275 efficitur
521 2223 555 2273 ut
571 2235 656 2273 omne
677 2235 780 2292 corpus
800 2215 920 2274 mortale
941 2219 986 2276 sit.

145 2297 262 2355 Etenim
280 2317 365 2355 omne
382 2317 485 2374 corpus
502 2303 552 2353 aut
568 2315 642 2372 aqua
658 2302 709 2352 aut
722 2302 772 2353 adr
785 2303 835 2353 aut
848 2297 924 2372 ignis
938 2305 988 2354 aut

145 2383 221 2434 terra
241 2384 285 2434 cst
304 2385 354 2436 ant
371 2378 409 2448 id,
426 2376 504 2454 quod
521 2383 564 2434 cst
585 2381 751 2433 concretum
772 2394 806 2431 ex
824 2375 934 2432 hist
885 2383 934 2433 aut
952 2395 986 2433 ex

145 2454 986 2548 amwmmm‚sswmmtmmmmm

145 2537 275 2594 intereat.
319 2542 365 2594 31
388 2536 462 2593 Nam
481 2543 510 2593 et
526 2542 669 2593 terrenum
693 2552 778 2590 omne
799 2533 902 2591 dividit
890 2540 938 2591 tur
958 2542 987 2592 et
1029 2543 1035 2554 ’

145 2634 230 2672 umor
250 2616 292 2673 ita
262 2616 408 2673 tmollis
431 2623 482 2687 est
497 2623 531 2673 ut
552 2615 636 2672 facile
661 2613 811 2691 comprimi
833 2613 987 2690 eollidique

144 2696 268 2771 possit‘
260 2696 337 2772 iguis
353 2715 420 2754 vero
437 2703 466 2752 et
483 2703 532 2752 aer
546 2715 626 2752 omni
617 2693 766 2770 impulsu
780 2692 915 2750 facillime
929 2693 987 2769 pel·

145 2775 215 2832 litun
234 2784 392 2854 naturaque
420 2776 523 2833 cedens
544 2782 587 2832 est
607 2775 731 2830 maxime
752 2780 782 2831 et
803 2772 984 2849 dissipabilis.

145 2854 297 2912 Praeterea
317 2856 415 2912 omnia
434 2855 504 2912 haec
524 2863 588 2913 tum
607 2855 760 2924 intereunt,
776 2872 841 2910 cum
858 2853 888 2908 in
905 2860 987 2911 natu-

145 2951 205 2990 ram
221 2935 304 2991 aliam
317 2942 528 3006 convertuntur,
540 2934 617 3026 quod
628 2933 669 3004 fit,
680 2951 746 2990 eum
756 2941 831 2991 terra
841 2932 870 2988 in
882 2951 985 3009 aquam

146 3033 175 3070 sc
196 3015 282 3072 vertit
298 3021 327 3072 et
344 3034 409 3072 cum
427 3033 461 3072 ex
478 3034 551 3091 aqua
568 3013 659 3070 oritur
675 3019 724 3068 abr
740 3019 769 3070 et
785 3031 851 3069 cum
868 3031 902 3070 ex
919 3019 984 3069 aere

145 3093 244 3151 aether
273 3114 396 3171 cumque
426 3094 525 3152 cadem
553 3093 678 3150 vicissim
706 3098 782 3149 retro
813 3099 982 3149 commeant.

145 3172 232 3242 Quod
252 3175 275 3230 si
297 3195 331 3232 ca
352 3175 505 3244 intereunt,
520 3193 554 3230 ex
573 3171 676 3249 quibus
693 3177 805 3228 constat
821 3191 906 3229 omno
927 3173 984 3228 aui-

228 3254 257 3298 ll)
