2224 3446
255 105 325 155 LIB.
341 105 389 166 11,
401 104 479 154 CAP.
493 98 718 166 Lxx-LXXII„
732 103 746 163 ἓ
762 106 882 154 145-150.
941 107 990 154 249

153 205 194 261 illi
207 205 271 281 ipsi,
285 205 334 282 qui
348 224 381 262 ea
394 205 500 274 vident,
513 204 585 261 nihil
599 204 736 275 divinent,
748 205 778 275 ii,
791 205 841 281 qui
854 205 990 282 interpre

152 291 257 355 tantur,
278 284 469 341 coniecturam
492 283 654 355 adhibeant,
670 302 728 340 non
752 292 891 355 naturam,
910 304 990 342 casus

146 371 248 422 ,autem
270 363 524 421 innumerabilibus
546 383 635 439 paene
660 363 777 421 saeculis
802 364 831 420 in
856 363 990 421 omnibus

152 442 235 518 plura
254 441 394 500 mirabilia
415 462 500 519 quarn
521 443 552 499 in
573 443 749 499 somniorum
771 443 838 499 visis
854 444 988 514 effecerit,

151 541 244 599 neque
265 523 435 593 coniectura,
451 541 522 599 quae
542 523 573 578 in
590 523 679 578 varias
695 529 789 599 partes
806 522 872 580 duci
889 524 989 599 possit,

151 620 210 658 non
227 621 384 678 numquam
401 602 487 658 etiam
504 602 534 658 in
552 602 705 659 contrarias
723 602 879 679 quidquam
896 603 934 659 sit
949 603 991 658 inr-

152 681 263 738 certius.
313 680 436 738 LXXII.
481 686 545 738 148.
574 681 752 758 Explodatur
780 681 848 738 haec
876 700 990 758 quoque

152 761 329 818 somniorum
347 760 485 818 divinatio
502 761 608 837 pariter
625 781 690 818 cum
707 761 815 819 ceteris
858 760 941 832 Nem,
958 767 990 818 ut

151 859 216 896 vere
233 839 390 916 loquamur,
404 841 568 916 superstitio
578 841 649 896 ¹fusa
666 859 716 916 per
732 847 831 916 gentes
849 841 990 917 oppressit

152 919 281 976 omnium
295 920 356 976 fere
373 920 483 976 animos
500 929 585 995 atque
600 919 750 976 hominum
764 919 990 978 imbecillitatem

152 1079 188 1134 de
210 1085 310 1135 natura
331 1079 458 1149 deorum,
477 1085 506 1135 et
526 1077 579 1134 hac
600 1078 794 1153 disputatione
815 1079 846 1136 id
866 1081 990 1136 maxime

152 1159 270 1234 egimus,
313 1157 436 1214 Multum
455 1159 531 1215 enirn
548 1165 577 1214 et
594 1157 737 1214 nobismet
753 1157 823 1234 ipsis
840 1164 869 1215 et
886 1160 991 1216 nostris

152 1237 296 1312 profuturi
312 1237 487 1307 videbamur,
503 1237 526 1293 si
544 1257 606 1294 earn
622 1237 754 1293 funditus
771 1238 989 1295 sustulissemus

152 1317 213 1374 Nec
231 1317 367 1378 verc-id
383 1317 460 1374 eninr
478 1317 630 1393 diligenter
645 1315 774 1392 intellegi
791 1317 992 1394 volo-super·

151 1397 270 1453 stitione
290 1395 416 1453 tollenda
436 1396 536 1472 religio
553 1396 669 1453 tollitur.
712 1395 788 1452 Nam
805 1404 834 1453 et
850 1397 991 1454 maiorum

152 1477 284 1534 instituta
300 1476 374 1533 tueri
391 1476 476 1532 sacris
493 1475 729 1552 caerimoniisque
746 1476 903 1534 retinendis
920 1477 992 1553 sapi·

152 1556 227 1612 entis
247 1562 291 1612 est
311 1562 341 1612 ct
361 1575 421 1612 esse
438 1555 771 1632 praestantemaliquam
792 1562 991 1632 aeternamque

152 1642 283 1692 naturam
298 1642 327 1692 et
341 1654 402 1692 earn
418 1635 627 1711 suspiciendam
639 1635 890 1712 admirandamque
901 1634 992 1691 horni-

151 1735 222 1772 num
237 1715 335 1791 generi
347 1714 531 1791 pulchritudo
545 1715 646 1771 mundi
658 1715 785 1792 ordoque
799 1733 892 1771 rerum
907 1713 992 1771 caele·

152 1795 240 1852 stium
255 1795 333 1870 cogit
347 1793 483 1851 confiteri.
528 1799 592 1851 149.
615 1793 836 1865 Quamobrem,
849 1793 991 1870 utreligio

153 1874 339 1952 propaganda
355 1873 441 1932 etiarn
456 1880 506 1944 est,
520 1893 591 1951 quae
606 1882 649 1931 est
662 1875 760 1931 iuncta
774 1893 838 1931 eum
853 1874 993 1950 cognitio

153 1973 189 2012 ne
204 1961 329 2024 naturae,
342 1953 381 2011 sic
396 1954 605 2030 superstitionis
616 1954 718 2031 stirpes
730 1973 829 2011 omnes
840 1952 990 2011 eiciendee.

154 2034 247 2091 Instat
263 2034 340 2091 enim
357 2041 386 2090 et
403 2039 485 2110 urget
502 2040 531 2090 et
545 2052 602 2110 quo
616 2039 646 2091 te
663 2054 785 2111 cumque
799 2034 915 2092 verteris
931 2053 993 2110 per·

154 2115 290 2191 sequitur,
306 2114 365 2170 sive
386 2120 418 2169 tu
440 2121 538 2186 vatem¹
556 2114 663 2172 sivetu
681 2133 763 2171 omen
787 2114 917 2184 audieris
934 2114 992 2169 sive

154 2194 310 2250 immolaris
327 2193 385 2250 sive
403 2213 484 2250 avem
501 2194 650 2270 aspexeris,
663 2194 687 2250 si
704 2193 889 2264 Chaldaeum,
905 2193 929 2250 si
944 2192 993 2249 ha-

154 2275 296 2350 ruspicem
310 2273 422 2343 viderie,
434 2273 459 2331 si
472 2273 592 2344 fulserit,
604 2274 628 2330 si
642 2274 776 2342 tonuerit,
788 2273 811 2329 si
822 2279 930 2330 tactum
945 2272 993 2328 ali·

155 2355 225 2431 quid
242 2354 295 2410 erit
312 2354 347 2410 de
364 2353 450 2424 caelo,
463 2353 487 2410 si
501 2354 606 2410 ostenti
623 2353 715 2409 simile
732 2358 831 2408 natum
849 2353 992 2409 factumve

155 2434 319 2511 quippiam:
346 2453 467 2510 quorum
491 2451 603 2490 neeesse
628 2438 671 2490 est
695 2431 861 2508 plerumque
885 2431 993 2508 aliquid

155 2514 266 2571 eveniat
282 2521 315 2570 ut
331 2531 488 2590 numquam
505 2513 588 2569 liceat
606 2512 702 2588 quieta
718 2518 814 2568 mente
831 2511 991 2567 consistere.

156 2599 222 2651 150.
245 2593 415 2670 Perfugium
432 2593 546 2650 videtur
562 2591 691 2649 omnium
706 2590 835 2647 laborum
850 2597 879 2647 et
894 2590 994 2646 sollici-

154 2674 289 2732 tudinum
304 2692 364 2730 esse
378 2691 502 2730 somnus.
541 2671 583 2729 At
594 2691 627 2728 ex
639 2690 672 2728 eo
683 2671 747 2747 ipso
758 2670 897 2747 plurimae
911 2688 993 2726 curae

154 2760 304 2830 metusque
318 2760 480 2810 nascuntur.
523 2750 580 2819 Qui
595 2751 711 2828 quidem
725 2751 781 2828 ipsi
794 2769 846 2828 per
859 2749 994 2806 seminus

154 2833 280 2891 valerent
301 2841 329 2890 et
349 2833 441 2909 magis
466 2839 724 2902 contemnerentur,
741 2829 797 2887 nisi
818 2829 994 2886 somniorum

154 2913 346 2991 patrocinium
367 2911 533 2988 philosophi
555 2911 744 2987 suscepissent
764 2928 816 2967 nec
836 2909 858 2965 ii
878 2908 994 2985 quidem

155 2992 404 3070 contemptissimi,
419 2991 469 3048 sed
486 2990 634 3066 inprimis
651 2990 727 3046 acuti
744 2996 773 3046 et
793 2988 996 3065 consequentia

155 3080 184 3130 et
204 3072 394 3150 repugnantia
411 3070 548 3140 videnteS,
567 3069 616 3146 qui
634 3088 724 3145 prope
745 3069 801 3126 iam
823 3068 946 3125 al›soluti
967 3074 995 3123 et

156 3154 277 3230 perfecti
291 3157 435 3228 putantur.
475 3148 605 3220 Quorum
620 3148 750 3206 licentiae
765 3148 820 3205 nisi
837 3146 995 3204 Carneades
