2242 3436
374 133 442 182 nm.
457 129 789 194 1.,cAP.11.-V.,§4-9.
956 133 1004 180 rra

162 236 225 294 luce
237 235 366 292 videatur
380 233 489 304 clarius.
534 232 560 292 7.
578 232 637 290 Sed
647 233 717 290 hacc
732 233 849 309 quidem
860 233 921 290 laus
931 232 1003 291 Aca

161 316 274 374 demiae
296 313 534 392 praestantissimi
555 313 722 390 philosophi
745 313 852 370 iudicio
875 321 904 371 et
926 314 1005 370 testi-

162 396 262 453 monio
277 394 464 471 comprobata
477 400 528 452 est.
571 393 623 452 IV.
646 393 762 450 Etenim
776 393 920 451 nobismet
934 393 1004 470 ipsis

163 475 365 554 quaerentibus
388 473 459 551 quid
484 474 522 531 sit
543 472 580 530 de
607 473 785 530 divinatione
808 473 1002 543 iudicandum,

163 556 243 634 quod
257 575 273 613 a
287 554 433 613 Carneade
447 554 538 611 multa
551 560 633 610 acute
648 560 677 610 et
691 553 808 630 copiose
825 560 924 610 contra
941 552 1005 610 Sto-

113 662 117 666 ·
162 637 223 694 icos
234 636 381 712 disputata
391 635 457 705 sint,
467 633 686 710 verentibusque
696 651 733 690 ne
744 639 850 690 temere
861 632 906 690 vel
916 632 1004 690 falsae

162 717 203 774 rei
219 716 262 773 vel
277 735 335 773 non
350 715 419 772 satis
433 714 565 790 cognitae
579 713 773 770 adsentiamur
785 712 951 770 faciendum
965 713 1005 769 vi-

163 797 248 854 detur
258 803 291 853 ut
301 795 455 872 diligenter
464 794 552 851 etiam
563 801 648 870 atque
660 793 747 850 etiarn
759 799 928 869 argumenta
938 811 1004 850 cum

162 876 340 953 argumentis
360 893 567 951 comparemus,
579 882 612 931 ut
628 873 750 930 fecimus
766 873 796 929 in
813 872 849 930 iis
865 872 957 930 tribus
973 872 1005 929 li·

162 955 230 1027 bris,
243 975 315 1033 quos
329 956 366 1013 de
380 963 481 1012 natura
495 955 615 1012 deorum
629 953 802 1031 scripsimus.
845 951 921 1009 Nam
938 972 1004 1010 cum

163 1036 299 1094 omnibus
312 1036 342 1092 in
359 1035 443 1094 rebus
460 1034 605 1092 temeritas
619 1033 649 1090 in
666 1032 854 1090 adsentiendo
871 1051 1005 1109 errorque

162 1116 257 1192 turpis
271 1123 314 1174 est
324 1123 387 1174 tum
399 1115 429 1172 iu
443 1134 478 1172 eo
488 1114 552 1172 loco
562 1114 695 1183 maxime,
703 1113 733 1170 in
749 1132 806 1188 quo
817 1112 1004 1170 iudicandum

163 1203 207 1254 est
224 1203 363 1273 quantum
380 1194 515 1271 auspiciis
530 1193 672 1270 rebusque
688 1193 794 1250 divinis
814 1192 1004 1270 religionique

163 1276 339 1333 tribuamus:
361 1282 405 1333 est
425 1277 502 1332 enim
520 1273 678 1351 periculum
695 1292 731 1330 ne
748 1279 799 1329 aut
815 1272 952 1349 neglectis
969 1273 1004 1329 iis

163 1356 254 1432 impia
269 1355 370 1413 fraude
391 1362 441 1412 aut
460 1355 599 1432 susceptis
621 1352 690 1410 anili
711 1352 914 1429 superstitione
935 1353 1005 1410 obli-

162 1455 272 1512 gemur.

204 1515 241 1574 V.
285 1521 310 1573 8.
333 1514 444 1583 Quibus
461 1515 497 1572 de
517 1513 602 1571 rebus
623 1520 653 1570 et
673 1512 742 1570 alias
763 1531 847 1589 saepe
868 1518 897 1570 et
917 1512 1003 1588 paulo

163 1595 322 1653 accuratius
335 1615 434 1672 nuper,
447 1613 513 1652 cum
527 1613 618 1651 essem
632 1613 696 1651 cum
710 1592 742 1661 Q„
756 1593 843 1650 fratre
858 1592 887 1650 in
899 1591 1005 1650 Tuscu-

163 1676 237 1746 lano,
250 1675 428 1753 disputatum
443 1682 494 1733 est.
528 1673 604 1730 Nam
619 1693 684 1730 cum
699 1672 865 1730 ambulandi
880 1691 963 1730 causa
973 1673 1004 1730 in

163 1755 284 1832 Lycium
305 1753 564 1813 venissemus-id
586 1754 663 1811 enim
686 1753 825 1831 superiori
845 1748 1004 1830 Gymnasio

163 1854 269 1892 nomen
294 1842 355 1893 est:
383 1835 505 1910 Perlegi,
523 1834 619 1910 inquit
642 1833 698 1905 ille,
716 1841 799 1891 tuum
824 1833 910 1910 paulo
937 1841 1004 1892 ante

162 1915 281 1973 tertium
295 1915 331 1973 de
345 1921 447 1972 natura
462 1915 591 1985 deorum,
603 1914 634 1971 in
652 1933 709 1991 quo
726 1914 885 1991 disputatio
900 1913 1004 1972 Cottae

164 2015 338 2073 quamquam
354 1995 540 2052 labefactavit
557 1994 728 2051 sententiam
745 2013 847 2066 meam,
863 2013 921 2051 non
939 1995 1005 2053 fun-

163 2077 345 2134 ditustameu
361 2074 483 2132 sustulit.
515 2073 633 2151 Optime
643 2093 719 2146 vero,
731 2073 857 2151 inquam.
886 2074 1003 2132 Etenim

162 2156 225 2233 ipse
246 2155 394 2213 (lottario
415 2155 551 2232 disputat,
566 2162 600 2212 ut
622 2153 785 2212 Stoicorum
807 2155 899 2230 magis
923 2174 1004 2232 argu-

163 2242 261 2293 menta
281 2235 413 2293 confutet
433 2254 519 2312 quam
539 2233 691 2292 hominum
712 2234 806 2292 deleat
825 2235 1002 2311 religionem.

162 2315 238 2373 Tum
253 2315 394 2384 Quintus:
415 2315 530 2372 Dicitur
544 2314 661 2392 quidem
678 2314 761 2384 istuc,
770 2315 873 2392 inquit,
886 2333 903 2371 a
916 2314 1004 2372 Cotta

162 2403 193 2452 et
206 2414 273 2453 vero
288 2396 410 2472 saepiuS,
421 2395 515 2466 crede,
527 2413 564 2453 ne
577 2394 742 2452 communia
756 2393 817 2451 iura
830 2394 953 2470 migrare
964 2395 1004 2451 vi-

162 2475 273 2546 deatur,
284 2475 334 2532 sed
342 2475 439 2533 studio
450 2482 550 2533 contra
558 2475 672 2533 Stoicos
681 2473 838 2532 disserendi
850 2474 919 2530 deos
930 2473 1003 2531 mihi

162 2555 277 2613 videtur
293 2555 425 2613 funditus
441 2555 548 2613 tollere.
591 2560 618 2613 9.
640 2555 710 2612 llius
730 2554 836 2611 rationi
856 2572 915 2610 non
936 2573 1003 2611 sane

159 2635 294 2712 'desidero
310 2635 388 2713 quod
402 2636 606 2712 respondeam:
629 2635 698 2692 satis
712 2633 789 2692 enim
806 2633 925 2692 defensa
940 2633 1003 2690 reli-

161 2717 212 2792 gio
234 2722 277 2773 est
294 2715 324 2773 in
346 2717 470 2774 secundo
486 2715 560 2772 libro
577 2734 594 2772 a
610 2713 729 2784 Lucili0‚
742 2713 823 2771 cuius
844 2713 1002 2791 disputatio

162 2796 219 2853 tibi
239 2796 304 2872 ipsi,
320 2803 354 2854 ut
374 2797 404 2852 in
426 2803 554 2852 extremo
574 2795 661 2853 tertio
682 2793 790 2866 scribis,
803 2793 840 2851 ad
853 2793 1002 2852 veritatem

162 2882 206 2933 est
217 2877 277 2934 visa
290 2876 466 2954 propensior.
500 2873 566 2946 Sed,
579 2875 657 2951 quod
670 2874 898 2951 praetermissum
915 2880 958 2931 est
971 2873 1002 2929 in

162 2956 219 3012 illis
233 2956 321 3027 libris,
334 2956 427 3026 credo,
440 2955 508 3032 quia
520 2954 701 3011 commodius
715 2954 867 3012 arbitratus
881 2973 911 3011 es
925 2972 1003 3030 sepa-

162 3036 248 3093 ratim
269 3037 300 3093 id
321 3037 417 3112 quaeri
439 3036 530 3112 deque
552 3053 586 3092 eo
608 3034 716 3104 disseri,
729 3034 760 3091 id
777 3041 828 3105 est,
842 3034 877 3091 dc
894 3034 1002 3090 divina·

163 3115 251 3187 tione,
263 3135 335 3192 quae
346 3124 389 3174 est
400 3135 497 3173 earum
509 3133 612 3184 rerum,
623 3132 695 3190 quae
705 3113 843 3171 fortuitae
853 3119 1000 3190 putantur,

162 3196 321 3272 praedictio
346 3203 432 3273 atque
452 3193 622 3271 praesensio,
637 3191 677 3264 id,
692 3193 718 3250 si
737 3193 839 3269 placet,
855 3193 1001 3250 videamus

1049 3345 1114 3408 A
