2224 3446
140 130 188 178 218
401 129 450 176 ma
467 127 716 177 nrvrunrronn.
806 97 809 102 ’

139 235 203 286 tum
224 235 275 301 est,
292 229 370 306 quod
386 229 483 305 potuit
503 228 572 301 fieri,
587 235 754 305 portentum
775 228 861 286 debet
880 229 980 288 videri

139 308 227 366 Nulla
244 309 334 385 igitur
350 316 484 385 portenta
504 317 579 367 sunt.
621 308 697 365 Nam
714 309 747 379 si,
763 308 840 385 quod
856 327 920 366 raro
937 309 979 381 fit,

139 388 170 445 id
187 396 353 465 portentum
370 388 530 465 putandum
549 395 600 460 est,
616 390 775 465 sapientem
791 407 850 446 esse
866 395 982 466 porten-

138 477 200 524 tum
227 475 277 526 est.
320 468 440 545 Saepius
462 469 539 525 enim
561 467 668 524 mulam
694 468 836 544 peperisse
859 468 982 526 arbitror

140 567 225 624 quam
247 549 404 624 sapientem
426 548 522 604 fuisse.
566 547 618 604 Illa
634 548 723 624 igitur
743 549 816 605 ratio
838 549 982 606 concludi-

138 637 186 684 tur
202 647 254 684 nec
271 627 309 698 id,
323 628 401 704 qnod
417 647 476 684 non
490 628 618 703 potuerit
634 627 704 698 fieri,
715 628 825 686 factum
843 648 980 705 umquam

138 727 207 779 esse,
222 727 282 778 nee,
296 707 372 784 quod
390 707 525 784 potuerit,
537 706 565 763 id
581 715 748 784 portentum
766 726 842 765 esse:
863 709 904 764 ita
921 729 983 766 om-

137 788 208 844 nino
225 786 334 843 nullum
352 806 413 844 esse
427 793 601 863 portentum.
645 793 691 846 62.
715 787 800 856 Quod
814 788 899 846 etiam
915 807 983 845 eon-

137 867 228 923 iector
249 867 366 942 quidam
384 873 413 923 et
430 867 570 943 interpres
586 874 786 943 portentorum
803 887 861 925 non
878 869 982 926 inscite

137 946 317 1022 respondisse
334 947 440 1003 dicitur
456 947 490 1018 ei,
507 947 557 1023 qui
575 941 738 1024 [quiddam]
757 948 793 1005 ad
810 967 876 1005 eum
893 956 983 1006 rettu-

137 1025 217 1083 lisset
234 1026 314 1102 quasi
331 1033 486 1092 ostentum,
500 1027 578 1104 quod
592 1027 693 1104 anguis
710 1027 790 1085 dorni
805 1035 915 1084 vectem
930 1029 982 1085 cir-

137 1106 295 1163 cumiectus
311 1106 429 1164 fuisset:
453 1108 470 1133 “
478 1106 553 1163 Tum
570 1107 668 1165 esset''
684 1108 780 1183 inquit
797 1107 814 1134 “
823 1114 980 1178 ostentum,

138 1186 162 1242 si
183 1205 305 1262 anguem
333 1187 422 1244 vectis
446 1186 742 1263 circumplicavisset.’'
785 1187 850 1245 Hoc
872 1186 919 1244 ille
939 1193 982 1244 re'·

138 1285 243 1342 sponso
265 1267 333 1324 satis
354 1273 450 1343 aperte
472 1266 624 1324 declaravit
644 1267 717 1324 nihil
733 1266 897 1324 habendum
919 1287 981 1325 esse

137 1353 313 1422 portentum,
327 1347 405 1422 quod
418 1346 479 1404 fieri
493 1354 598 1422 posset.

178 1426 292 1484 XXIX.
316 1426 347 1484 C.
366 1425 511 1483 Gracchus
533 1426 570 1483 ad
592 1426 629 1484 M.
648 1425 844 1504 Pomponium
866 1426 981 1502 scripsit

138 1506 251 1563 duobus
275 1505 416 1583 anguibus
438 1506 518 1563 domi
541 1506 753 1582 comprehensis
775 1506 939 1582 haruspices
964 1527 981 1563 a

137 1593 218 1662 patre
235 1593 413 1643 convocatos.
457 1585 513 1655 Qui
527 1587 620 1662 magis
636 1586 778 1662 anguibus
796 1605 881 1662 quam
895 1586 981 1643 lacer-

137 1667 184 1737 tis,
200 1685 285 1742 quarn
306 1666 455 1722 muribusl
496 1664 570 1733 Quia
591 1673 658 1723 sunt
674 1666 743 1723 haee
764 1666 916 1737 cotidiana,
932 1685 981 1722 an-

138 1765 208 1822 gues
227 1765 285 1802 non
302 1747 380 1802 item.
423 1744 511 1813 Quasi
528 1765 595 1802 vero
616 1747 728 1816 referat,
744 1746 823 1822 quod
839 1745 899 1802 fieri
916 1753 980 1822 pot-

138 1833 189 1897 est,
202 1845 286 1902 quam
304 1826 334 1883 id
351 1844 434 1900 saepe
451 1825 508 1882 fiat.
551 1825 614 1902 Ego
631 1835 727 1883 tamen
744 1826 840 1890 miror,
856 1826 880 1882 si
897 1826 980 1882 emis-

139 1906 181 1961 sio
202 1906 327 1962 feminae
348 1906 449 1980 anguis
470 1912 593 1962 mortem
614 1905 762 1962 adferebat
780 1905 823 1962 Ti.
839 1904 978 1975 Graccho,

138 1985 252 2041 emissio
267 1992 361 2042 autem
374 1985 460 2041 maris
475 1985 576 2061 anguis
591 1991 651 2042 erat
661 1985 810 2042 mortifera
821 1984 977 2054 Corneliae,

138 2085 188 2122 eur
206 2065 323 2122 alteram
340 2071 434 2121 utram
455 2065 588 2122 emiserit.
632 2065 713 2121 Nihil
730 2066 806 2122 enim
824 2063 922 2121 scribit
938 2084 980 2121 re·

138 2145 287 2221 spondisse
303 2144 474 2220 haruspices,
487 2145 510 2200 si
525 2151 625 2201 neuter
642 2145 743 2221 anguis
760 2145 879 2201 emissus
895 2151 978 2214 esset,

139 2225 208 2301 quid
229 2231 302 2281 esset
322 2225 460 2281 futurum.
503 2225 546 2281 At
565 2243 643 2281 mors
663 2225 792 2282 insecuta
818 2223 978 2280 Gracchum

138 2312 188 2362 est.
231 2304 324 2361 Causa
348 2304 472 2380 quidem,
488 2304 581 2375 eredo,
598 2304 693 2380 aliqua
716 2303 810 2360 morbi
831 2303 978 2379 gravioris,

137 2404 196 2441 non
213 2385 365 2442 emissione
382 2384 537 2461 serpentis:
559 2403 652 2461 neque
666 2385 743 2441 enirn
757 2390 838 2440 tanta
852 2389 894 2439 est
908 2383 981 2440 infe-

137 2465 229 2522 licitas
245 2464 437 2540 haruspicum,
452 2471 485 2520 ut
502 2483 537 2521 ue
555 2483 621 2520 casu
642 2464 758 2541 quidem
775 2481 912 2539 umquam
929 2461 980 2519 fiat

138 2544 217 2620 quod
231 2544 362 2600 futurum
378 2543 419 2600 illi
437 2563 496 2601 esse
514 2543 645 2601 dixerint.
691 2543 790 2600 XXX.
834 2548 880 2598 63.
903 2541 977 2598 Nam

137 2623 209 2680 illud
222 2624 347 2694 mirarer,
359 2623 382 2679 si
397 2623 548 2694 crederem,
560 2623 638 2700 quod
653 2624 730 2700 apud
740 2623 901 2680 Homerum
916 2621 980 2678 Cal·

137 2703 269 2761 chantem
292 2703 390 2760 dixisti
411 2723 445 2759 ex
466 2722 611 2779 passerum
633 2722 752 2760 numero
773 2702 841 2759 belli
861 2700 980 2762 Troiani

138 2802 227 2839 annos
242 2790 429 2859 auguratum:
451 2783 487 2838 de
501 2783 581 2839 cuius
596 2783 760 2840 coniectura
773 2782 813 2838 sic
827 2781 904 2858 apud
918 2781 980 2838 Ho-

138 2879 257 2933 merum,
270 2871 302 2919 ut
314 2881 365 2918 nos
380 2861 466 2920 otiosi
477 2862 677 2933 convertimus,
687 2862 815 2940 loquitur
825 2861 980 2938 Agamem-

138 2959 212 2998 non:

235 3055 317 3114 Ferte,
325 3054 379 3114 viri,
390 3061 414 3102 et
425 3054 499 3102 duros
511 3054 594 3101 animo
606 3054 708 3103 tolerate
719 3054 823 3115 labores,

235 3120 346 3177 Auguris
357 3128 385 3166 ut
396 3120 473 3166 nostri
486 3119 628 3167 Calchantis
639 3119 692 3167 fata
704 3134 824 3182 queamus

236 3182 311 3242 Scire,
322 3192 421 3232 ratosne
433 3183 539 3231 habeant
550 3197 582 3230 an
594 3197 670 3231 vanos
681 3185 788 3246 pectoris
797 3199 875 3234 orsus.
