2220 3432
308 478 351 540 M.
375 479 520 541 TULLII
545 476 778 540 CICERONIS

193 647 277 726 uu
309 643 584 726 NATURA
613 641 901 753 DEORUM

402 816 456 889 ΑΙ)
477 815 516 890 Μ.
536 814 700 890 BRUTUM

304 981 467 1042 Lissuu
495 979 795 1042 sucuuuus

398 1213 701 1263 ARGUMENTUM.

162 1315 212 1364 Hic
225 1314 286 1362 liber
300 1313 366 1362 brevi
380 1314 515 1376 praemisso
528 1312 655 1375 prooemio
668 1312 780 1361 continet
793 1312 867 1360 Balbi
881 1313 912 1362 de
925 1329 971 1362 ua-

129 1389 186 1430 tura
202 1381 304 1428 deorum
321 1379 512 1442 disputationem
530 1394 563 1426 ex
577 1388 659 1426 mente
673 1378 821 1438 Stoicorum,
832 1379 875 1440 qui
889 1388 970 1427 totum

129 1447 210 1494 laeum
225 1447 251 1494 in
267 1457 348 1508 partes
365 1454 481 1507 quattuor
497 1443 648 1492 dividebant.
683 1444 797 1492 Primum
814 1446 880 1492 euim
897 1444 970 1492 doce-

130 1515 189 1560 bant
200 1526 253 1561 esse
264 1511 330 1571 deos,
341 1510 430 1559 deinde
442 1509 528 1572 quales
540 1518 628 1568 essent,
639 1518 691 1556 tum
704 1509 825 1556 muudum
837 1510 915 1557 abeis
927 1511 971 1557 nd-

129 1577 271 1637 ruiuistrari,
282 1587 406 1639 postremo
423 1575 551 1623 consulere
568 1589 609 1622 ees
624 1575 694 1622 rebus
706 1574 828 1624 lrumuuis.
865 1575 913 1622 His
925 1575 971 1634 igi-

129 1653 170 1691 tur
184 1652 300 1706 quattuor
314 1651 440 1704 tamquam
456 1641 576 1702 capitibus
590 1649 643 1688 totu
657 1639 729 1688 Bulbi
743 1640 878 1702 disputatio
892 1642 971 1688 couti-

129 1721 210 1758 uetur.
247 1708 280 1756 m
291 1707 371 1769 prima
384 1706 483 1769 quidem
499 1721 554 1766 purs
569 1721 719 1768 quamquam
738 1721 768 1754 ue
786 1721 857 1765 egere
870 1706 971 1768 quidem

129 1774 241 1822 oratioue
260 1773 337 1822 rideri
353 1781 459 1834 poterat,
475 1781 557 1818 tumen
576 1771 613 1818 his
629 1772 782 1831 argumentis
798 1771 968 1820 confirmatur.

130 1841 196 1887 Nam
211 1839 299 1900 primo,
311 1837 377 1900 quod
389 1837 499 1884 omnium
514 1837 669 1884 consentiens
683 1836 715 1884 sit
726 1837 758 1884 de
771 1835 809 1883 dis
822 1837 914 1898 opinio,
927 1853 971 1884 uu-

130 1915 187 1952 tura
198 1903 296 1952 evidens
308 1904 339 1950 sit
351 1917 450 1950 necesse
460 1915 520 1960 esse,
532 1901 621 1950 deinde
632 1901 691 1950 deos
700 1902 765 1963 ipsos
777 1903 916 1963 praesentia
927 1918 973 1950 sua

130 1981 155 2018 et
166 1970 273 2018 adventu
287 1982 343 2016 eam
357 1981 408 2015 rem
423 1967 590 2025 confirmasse,
602 1967 782 2029 praedictiones
793 1967 853 2016 item
866 1977 891 2016 et
902 1983 971 2032 prae-

130 2036 256 2083 sensiones
270 2048 350 2081 rerum
365 2033 505 2080 futurarum
518 2047 571 2081 esse
585 2033 644 2080 deos
657 2033 772 2092 clamere,
787 2034 900 2082 omnium
914 2050 973 2083 rero

130 2101 242 2149 maxime
266 2099 354 2146 miratu
376 2097 451 2146 totius
474 2097 560 2146 muudi
580 2097 732 2157 trememtem,
752 2099 970 2162 pulchritudinem,

131 2166 245 2213 ordinem
266 2178 397 2226 rerumque
419 2164 530 2211 omnium
550 2163 582 2210 ad
603 2163 735 2212 utilitatem
754 2166 970 2227 conspirationem.

131 2232 198 2291 Quiu
216 2245 249 2278 ex
265 2230 319 2291 ipsa
335 2229 463 2276 homiuum
481 2228 588 2277 sollertia
605 2229 688 2290 colligi
705 2245 776 2292 posse
792 2245 846 2280 esse
863 2231 974 2294 aliquam

132 2304 240 2344 mentem
254 2294 370 2342 divinam.
407 2295 473 2342 Nam
488 2294 507 2342 si
522 2305 610 2353 cetera,
626 2296 728 2357 quaein
742 2311 844 2358 corpore
857 2297 915 2357 sint,
928 2297 973 2344 ali·

132 2361 198 2409 uudc
212 2368 348 2419 sumantur,
358 2360 424 2407 uliud
438 2376 453 2407 u
467 2369 538 2420 terra,
550 2360 616 2408 uliud
631 2361 662 2408 ub
675 2375 768 2420 umore,
779 2361 846 2410 aliud
860 2363 892 2410 ab
905 2363 971 2421 uere,

131 2427 197 2474 aliud
210 2427 241 2474 ab
253 2426 314 2487 igni,
326 2426 446 2474 rationem
458 2425 535 2473 etium
545 2426 646 2474 aliunde
659 2426 793 2475 habeamus
806 2442 908 2476 necesse
921 2443 975 2476 esse

131 2503 165 2552 et,
176 2507 232 2540 cum
245 2502 326 2540 cetera
337 2491 421 2539 omnia
436 2491 541 2538 muudus
554 2491 651 2552 lrabeat,
665 2493 731 2554 quod
744 2493 775 2540 sit
786 2494 898 2541 omnium
910 2492 975 2553 opti-

132 2573 209 2617 mum,
220 2557 245 2605 id
257 2557 337 2619 ipsum
351 2572 395 2604 cur
408 2571 456 2604 nou
471 2556 561 2604 hubent
573 2557 667 2605 nullam
680 2573 734 2606 esse
749 2557 876 2606 rationem.
913 2559 976 2608 Om-

133 2638 176 2671 ues
188 2638 260 2685 porro
274 2621 408 2670 concedere
421 2622 484 2670 uilril
496 2637 543 2670 nou
560 2623 634 2671 modo
647 2636 701 2670 esse
717 2623 810 2672 mundo
823 2623 920 2684 melius,
931 2623 976 2671 sed

133 2704 164 2736 ue
177 2687 282 2748 cogitari
293 2687 392 2749 quidem
404 2702 491 2749 nesse:
511 2703 561 2750 qua
574 2703 608 2748 re,
620 2703 678 2735 cum
692 2689 787 2736 ratione
800 2689 862 2736 uihil
876 2689 909 2736 sit
923 2703 977 2737 me-

132 2754 187 2813 lius,
198 2768 228 2801 ea
241 2768 337 2816 quoque
348 2753 374 2801 iu
388 2754 482 2802 mundo
494 2753 553 2801 insit
564 2767 662 2801 necesse
675 2769 735 2814 esse,
746 2754 788 2817 qui
799 2754 908 2816 profecto
924 2768 976 2800 uon

133 2827 215 2880 posset
225 2819 261 2866 itu
272 2819 386 2867 omuibus
394 2819 504 2882 partibus
516 2819 661 2877 consentire,
671 2819 718 2866 nisi
729 2834 777 2867 uuo
788 2820 872 2867 divino
883 2827 908 2866 et
917 2833 978 2868 con-

134 2885 229 2932 tinuato
246 2884 333 2946 spiritu
350 2886 524 2944 contineretur,
537 2900 590 2946 cap.
603 2883 686 2943 2-8‚§
702 2887 773 2934 1-22.
810 2885 858 2932 llis
875 2884 978 2932 rationi-

134 2950 179 2996 bus
201 2949 356 2999 subiciuutur
378 2950 600 2999 demonstrationes
623 2950 747 3012 plusicae.
791 2949 879 2998 Prima
901 2950 978 2997 huius

134 3014 200 3062 modi
212 3025 262 3064 est:
295 3016 394 3076 Omnia,
407 3031 471 3079 quae
482 3015 580 3064 aluntur
590 3024 615 3062 et
626 3025 744 3077 crescant,
757 3030 786 3063 ea
797 3016 979 3077 temperatione

134 3081 223 3128 caloris
240 3081 297 3129 oriri
310 3092 336 3130 et
349 3083 442 3142 augeri,
456 3095 593 3142 omnesque
606 3088 688 3141 partes
705 3081 791 3129 muudi
805 3082 886 3129 calore
901 3081 979 3128 fultas

135 3147 257 3207 sustineri,
270 3148 353 3211 itaque
366 3149 441 3196 etiam
455 3146 578 3194 mundum
591 3144 665 3193 simili
677 3145 780 3209 parique
793 3158 883 3194 nature
896 3161 980 3193 serru-

135 3212 163 3259 ri.
201 3213 262 3261 Esse
282 3214 356 3274 igitur
375 3223 498 3272 naturam,
515 3225 578 3274 quae
597 3225 695 3259 omnem
714 3211 835 3259 mumdum
850 3211 980 3262 contineat
