2242 3436
251 128 319 178 mn.
334 128 790 191 ru.‚cur.xxvnr.-xxx1.,§
805 133 894 181 rr-re.
946 133 994 180 133

152 229 289 308 publicas.
332 228 368 286 Id
385 248 499 306 quoque
513 228 544 286 L.
556 229 666 288 Alenus
680 230 759 301 feeit,
769 249 835 287 cum
852 231 994 308 chirogra-

151 311 243 388 phum
258 328 307 366 sex
321 309 479 386 primorum
491 309 621 366 imitatus
634 316 685 367 est.
723 308 799 378 Quid
810 309 865 368 hoc
876 310 994 368 homine

151 388 312 447 sollertius?
353 388 503 465 Cognosce
523 389 593 446 alias
614 390 802 466 quaestiones,
815 390 876 447 anri
896 389 994 448 Tolos-

151 469 221 540 sani,
240 468 446 526 couinratiouis
468 467 663 544 Iugurthinae.
705 469 815 546 Repete
839 470 1004 547 superiora,

150 548 257 607 Tubuli
268 548 305 606 de
318 548 440 625 pecunia
454 555 538 624 capta
551 548 589 606 ob
604 568 664 606 rem
679 549 878 607 iudicandam:
900 556 994 626 poste

150 629 234 700 riora,
246 628 282 686 dc
299 629 410 686 incestu
426 629 576 705 rogatione
590 628 821 700 Peducaeatum
837 629 907 686 haec
924 630 994 686 coti-

151 709 244 779 diana,
260 708 341 778 sicae,
354 708 464 776 veneni,
480 706 636 784 peculatus,
648 715 884 769 testamentorum
906 709 993 766 etiam

150 789 213 864 lege
234 807 309 845 nova
330 788 518 865 quaestiones.
561 787 632 846 Inde
651 788 701 846 illa
721 789 814 846 actio:
838 808 896 846 orn
922 808 994 847 cou-

151 886 292 931 smmcun
314 887 372 926 ruo
397 887 519 926 rnuruu
541 885 593 925 aro
616 887 736 926 sacrun
759 887 840 940 nssn,
858 869 926 926 inde
947 875 994 926 tot

149 948 257 1004 iudicia
270 948 306 1005 de
317 947 373 1005 fide
387 947 470 1019 mala,
482 947 597 1016 tutelae,
608 948 745 1018 mandati,
755 967 809 1025 pro
823 949 910 1020 socio,
922 947 994 1006 fidu-

150 1028 219 1096 ciae,
236 1027 353 1104 reliqua,
372 1047 444 1105 quae
468 1047 502 1084 ex
524 1036 623 1104 empto
645 1035 694 1084 aut
715 1027 832 1086 vendito
854 1036 903 1085 aut
927 1048 993 1086 con-

150 1108 238 1164 ducto
259 1115 309 1164 aut
329 1107 423 1164 locato
446 1115 546 1164 contra
561 1106 648 1164 fidem
670 1107 751 1179 fiunt,
764 1107 832 1166 inde
852 1108 991 1165 iudicium

150 1187 299 1263 publicum
319 1188 358 1245 rei
376 1188 503 1264 privatae
524 1187 586 1264 lege
604 1187 756 1259 Plaetoria,
768 1187 835 1245 inde
857 1188 994 1246 everricu-

149 1267 210 1324 lum
236 1267 409 1324 malitiarum
434 1267 573 1336 omnium‚
589 1267 728 1325 iudicium
753 1267 789 1324 de
814 1267 881 1325 dolo
905 1268 991 1339 malo,

150 1346 229 1424 quod
246 1346 278 1405 O.
290 1347 433 1424 Aquilius,
451 1347 601 1405 familiaris
621 1354 725 1418 noster,
743 1347 880 1424 protulit:
906 1367 991 1424 quem

117 1463 120 1472 ·
149 1427 250 1484 dolum
269 1427 348 1484 idem
367 1427 504 1504 Aquilius
523 1434 587 1484 turn
607 1427 699 1485 teneri
720 1434 811 1504 putat,
827 1445 893 1485 cum
914 1427 992 1484 aliud

149 1507 188 1564 sit
209 1506 382 1577 simulatum,
398 1507 476 1564 aliud
500 1515 604 1564 actum.
649 1505 694 1564 75.
717 1507 802 1564 Hauc
823 1507 912 1584 igitur
931 1514 993 1565 tau-

148 1593 210 1644 tam
224 1606 241 1643 a
257 1586 302 1644 dis
315 1586 526 1644 immortalibus
542 1587 714 1645 arbitramur
726 1587 867 1644 malorum
885 1606 992 1644 semen-

148 1673 209 1724 tem
229 1687 289 1724 esse
306 1667 432 1725 factaml
472 1666 503 1724 Si
520 1667 597 1724 enim
617 1668 757 1725 rationem
774 1666 941 1724 hominibus
961 1666 992 1724 di

149 1746 299 1817 dederunt,
314 1747 454 1804 malitiam
473 1747 630 1805 dederuut:
652 1755 696 1806 est
712 1748 789 1804 euim
805 1747 917 1805 malitia
933 1767 993 1805 ver-

149 1833 214 1884 suta
228 1835 257 1884 et
266 1827 353 1884 fallax
367 1827 440 1884 ratio
455 1826 592 1885 nocendi:
609 1827 698 1884 iidem
713 1828 800 1886 etiam
814 1827 845 1884 di
858 1828 990 1885 fraudem

149 1905 299 1976 dederuut,
306 1907 417 1964 facinus
428 1915 585 1984 ceteraque,
596 1926 718 1984 quornm
732 1907 804 1964 nihil
818 1927 871 1966 nec
885 1909 991 1984 suscipi

148 1986 210 2044 siue
226 1987 337 2044 ratione
353 2006 406 2044 nec
423 1986 497 2044 effici
512 1994 616 2064 potest
656 1987 673 2015 “
683 1986 804 2046 Utinam
813 1987 831 2016 ’'
849 1988 945 2066 igitur,
958 1995 992 2046 ut

148 2065 198 2124 illa
211 2085 283 2124 anus
297 2073 387 2143 optat,

442 2187 473 2220 ne
484 2171 509 2219 iu
520 2186 621 2220 nemore
632 2171 701 2220 Pelio
713 2171 839 2220 securibus

276 2237 356 2286 Caesa
366 2237 495 2286 accidisset
506 2237 611 2297 abiegna
621 2237 652 2286 ad
664 2245 757 2286 terram
768 2239 858 2298 trabes,

149 2381 190 2439 sic
200 2381 285 2438 istam
296 2381 481 2439 calliditatem
490 2380 657 2440 homiuibus
667 2381 698 2439 di
706 2401 742 2438 ne
753 2381 916 2439 dedissent!
934 2401 991 2459 qna

148 2462 283 2537 perpauci
300 2460 373 2518 bene
390 2468 517 2532 utuntur,
530 2462 580 2538 qui
596 2468 693 2519 tamen
710 2461 766 2538 ipsi
782 2480 866 2538 saepe
883 2479 900 2518 a
915 2463 990 2520 male

148 2541 296 2597 utentibus
313 2541 523 2618 opprimuntur,
535 2541 757 2599 innumerabiles
772 2548 867 2599 autem
884 2541 990 2619 impro-

147 2619 184 2678 be
206 2627 332 2690 utuntur,
346 2628 378 2678 ut
393 2620 503 2678 donum
520 2620 576 2679 boc
592 2621 721 2678 divinum
738 2621 858 2683 rationis
878 2628 907 2678 et
924 2640 990 2679 con-

148 2699 204 2757 silii
219 2699 255 2758 ad
266 2700 397 2758 fraudem
411 2699 586 2772 hominibus,
595 2719 654 2759 uon
668 2701 706 2758 ad
716 2701 875 2759 bonitatem
886 2701 990 2778 imper-

147 2779 234 2836 titum
250 2797 310 2838 esse
325 2780 460 2839 videatur.

188 2859 303 2917 XXXI.
339 2860 354 2916 7
359 2866 384 2917 6.
404 2859 461 2922 Sed
474 2859 583 2936 urgetis
593 2859 751 2918 identidem
762 2859 913 2917 bominum
928 2879 989 2918 esso

146 2938 232 2996 istam
244 2939 366 3016 eulpam,
376 2959 436 2996 non
447 2939 583 2998 deorum:
603 2948 636 2998 ut
647 2941 671 2997 si
681 2940 808 2997 medicus
818 2941 988 3016 gravitatem

146 3018 249 3090 morbi,
257 3019 431 3096 guberuator
440 3019 498 3075 vim
507 3020 687 3096 tempestatis
697 3025 818 3091 accuset,
826 3021 880 3077 etsi
888 3019 917 3076 bi
928 3021 988 3097 qui-

147 3098 214 3156 dem
225 3099 401 3163 homunculi.
410 3099 460 3156 sed
471 3105 567 3155 tamen
578 3098 698 3156 ridiculi.
734 3098 804 3167 Quis
813 3099 889 3156 euim
900 3107 930 3156 te
940 3099 988 3156 ad·

146 3177 296 3251 hibuisset
309 3178 413 3237 dixerit
427 3177 579 3257 quispiam,
591 3177 615 3234 si
629 3177 683 3235 ista
696 3197 754 3234 non
769 3180 882 3237 essenti
914 3178 988 3236 (lon-

229 3259 258 3303 11

1054 3306 1096 3336 ¹
1116 3301 1117 3396 l
