2224 3446
285 126 682 186 LIB.I.,CAP.L1V.—LV1.‚
697 125 711 184 ἓ
727 129 848 177 raa-127.
941 131 987 176 191

147 226 330 284 contrarium.
365 225 438 283 Mihi
447 232 543 283 autem
555 226 592 283 ad
602 225 666 296 hoc,
675 226 711 283 de
723 245 780 302 quo
791 227 916 305 disputo,
926 245 990 305 pro·

147 307 275 364 bandum
289 306 358 364 satis
374 313 490 363 estnon
507 306 596 363 modo
609 305 699 382 plura,
712 306 762 362 scd
776 306 862 363 etiam
878 308 991 383 paucio-

147 385 180 444 ra'
193 387 289 444 divine
303 405 453 463 praesensa
467 393 496 442 et
509 385 656 462 praedicta
669 385 793 461 reperiri.
832 392 896 442 125.
913 386 990 454 Quin

147 468 235 524 ctiam
249 465 304 523 hoc
319 485 378 523 non
392 465 527 523 dubitans
542 465 671 535 dixerim,
684 465 709 522 si
723 484 813 522 unum
826 465 936 542 aliquid
950 466 991 523 ita

147 547 186 604 sit
202 546 381 623 praedictum
402 564 650 622 praesensumque,
662 551 703 616 nt,
715 564 782 602 cum
803 545 937 617 evenerit,
950 546 991 603 ita

147 626 239 696 cadat,
252 634 285 684 ut
299 626 476 702 praedictum
492 625 537 696 sit,
549 643 643 702 neque
656 625 687 680 in
702 643 736 681 eo
755 625 907 702 quicquam
925 643 991 681 casu

147 713 177 764 et
187 706 310 763 fortuito
321 705 432 764 factum
446 724 506 762 esse
521 710 664 782 appareat,
675 723 736 761 esse
751 711 826 762 certe
840 704 991 761 divinatio-

91 805 93 808 ·
147 783 212 843 neni
228 785 316 862 idque
329 804 390 842 esse
405 783 539 842 omnibus
553 784 756 842 confitendum.

184 865 325 933 Quocirca
334 865 460 942 primum
472 865 544 921 milri
553 865 674 935 videtur,
683 867 716 921 'ut
726 863 900 921 Posidonius
910 863 990 934 facit,

147 945 242 1016 adeo,
254 944 290 1003 de
305 964 362 1022 quo
377 945 446 1002 setis
459 944 569 1001 dictum
584 951 636 1014 cst,
648 943 752 1001 deinde
769 963 786 1000 a
802 944 873 1012 fato,
886 942 991 1000 deinde

147 1025 328 1083 anaturavis
338 1024 432 1081 omnis
441 1023 589 1081 divinandi
598 1023 728 1100 ratioque
737 1023 899 1100 repetenda
930 1022 992 1080 Fie-

147 1105 172 1161 ri
184 1104 273 1181 igitur
287 1105 383 1162 omnia
393 1104 456 1162 fato
469 1104 543 1161 ratio
557 1103 636 1179 cogit
649 1103 742 1160 fateri.
777 1102 880 1160 Fatum
895 1110 990 1159 autern

147 1184 180 1242 id
196 1185 317 1262 appello,
330 1184 408 1262 quod
429 1183 530 1242 Gracci
552 1183 728 1259 εἱμαρμένην,
740 1182 772 1239 id
793 1189 844 1253 est,
861 1183 991 1240 ordinem

148 1265 307 1341 seriemque
324 1283 480 1335 causarum,
492 1283 557 1321 cum
573 1282 673 1320 causae
690 1281 775 1319 causa
790 1281 863 1318 nexa
879 1281 939 1319 rem
957 1281 991 1318 ex

148 1363 178 1401 se
192 1345 301 1422 gignat.
343 1343 387 1402 Ea
400 1351 444 1402 est
458 1363 492 1402 ex
507 1343 587 1400 omni
601 1342 769 1400 aeternitate
783 1340 874 1398 fluens
888 1341 992 1398 veritas

148 1425 329 1502 sempiterna
365 1422 451 1492 Quod
462 1443 527 1481 oum
538 1424 580 1480 ita
593 1423 639 1491 sit,
650 1422 721 1479 nihil
733 1421 896 1478 estfactum
912 1421 991 1496 quod

148 1523 207 1561 non
224 1504 355 1561 futurum
372 1504 468 1574 fuerit,
481 1503 639 1579 eodemque
659 1502 748 1558 modo
765 1500 837 1557 nihil
855 1507 898 1557 cst
914 1500 992 1557 futu·

148 1603 220 1655 rum,
231 1584 312 1642 cuius
322 1602 380 1640 non
392 1601 490 1640 causas
500 1583 531 1639 id
541 1583 637 1659 ipsum
651 1580 804 1639 efficientes
816 1586 916 1637 natura
926 1598 992 1636 con-

148 1664 246 1722 tineat.
291 1669 357 1720 126.
375 1663 419 1720 Ex
439 1681 496 1740 quo
513 1662 697 1738 intellegitur,
710 1667 743 1719 ut
758 1660 852 1717 fatum
874 1660 913 1716 sit
932 1679 991 1716 non

148 1743 188 1814 id,
202 1743 279 1821 quod
300 1743 506 1820 superstitiose,
518 1742 569 1799 sed
589 1742 628 1813 id,
641 1740 718 1819 quod
736 1739 854 1818 physice
876 1739 990 1810 dicitur,

148 1843 234 1880 causa
254 1830 369 1880 aeterna
388 1842 491 1892 rcrum,
507 1841 557 1879 cur
578 1828 607 1878 et
628 1839 754 1897 eaquae
774 1819 990 1896 praeterierunt,

148 1903 227 1961 facta
240 1904 297 1960 sint
312 1911 341 1960 et
356 1921 428 1979 quae
442 1903 551 1960 instant
561 1900 631 1958 fiant
645 1908 675 1958 ct
689 1919 761 1977 quae
776 1906 935 1977 sequuntur
947 1900 995 1955 111-·

149 1990 214 2040 tura
234 1983 299 2041 sint.
342 1982 389 2039 Ita
408 1982 442 2039 fit
461 1989 495 2038 ut
515 1988 545 2038 et
566 1981 764 2038 observatione
784 1981 879 2037 notari
900 1979 992 2056 possit

150 2081 222 2139 qnae
243 2082 287 2120 res
308 2081 451 2140 quamque
472 2080 585 2118 canwm
602 2060 771 2137 plerumque
792 2067 990 2137 consequatur,

149 2143 237 2200 etiem
251 2143 344 2200 sinon
359 2160 487 2218 semper:
505 2160 572 2197 narn
584 2141 614 2197 id
625 2141 742 2218 quidem
756 2139 906 2197 adfirmare
920 2138 992 2196 diffi-

149 2222 203 2280 cile
219 2230 279 2281 est:
300 2221 472 2299 easdemque
489 2239 587 2278 causes
600 2220 766 2278 verisimile
783 2227 826 2277 est
840 2239 933 2276 rernm
947 2219 992 2275 fn-

150 2309 278 2360 turarnm
295 2303 372 2360 cerni
388 2301 424 2358 ab
439 2302 483 2371 iis,
496 2300 545 2378 qui
562 2307 613 2357 aut
626 2319 677 2376 per
690 2300 817 2356 furorem
834 2317 881 2356 eas
898 2299 991 2356 autin

150 2383 246 2458 quiete
258 2382 381 2440 videant.
418 2381 502 2440 LVI..
533 2381 598 2437 127.
612 2379 762 2436 Praeterea
775 2397 842 2435 cum
855 2379 918 2435 fato
932 2397 992 2434 om·

150 2462 198 2520 nia
208 2461 350 2520 fiant—id
361 2461 439 2539 quod
450 2461 507 2519 alio
517 2461 582 2518 loco
596 2458 828 2516 ostendetur-si
839 2456 903 2534 quis
917 2476 991 2514 mor·

150 2543 215 2599 talis
229 2542 321 2620 possit
332 2559 400 2612 esse,
411 2542 460 2618 qui
471 2539 684 2617 colligationem
698 2556 846 2595 causarum
861 2537 991 2593 omnium

149 2623 304 2699 perspiciat
312 2622 417 2691 animo,
426 2621 498 2679 nihil
509 2640 575 2678 cum
586 2619 717 2696 proiecto
728 2617 817 2674 fallat.
846 2615 903 2684 Qui
914 2616 991 2673 euim

150 2709 247 2760 teneat
261 2721 358 2759 causas
371 2721 465 2759 rerum
476 2702 646 2770 futurarum,
656 2698 734 2755 idem
748 2715 861 2754 necesse
875 2702 918 2753 est
933 2715 992 2753 om·

151 2782 199 2838 nia
219 2789 323 2852 teneat,
336 2801 408 2858 quae
428 2782 527 2839 futura
547 2781 613 2838 sint
655 2777 741 2846 Quod
762 2796 827 2834 cum
848 2794 934 2832 nemo
950 2776 992 2831 ia·

150 2881 213 2919 cere
235 2863 291 2919 nisi
312 2862 382 2919 deus
402 2861 502 2938 possit,
520 2859 739 2936 relinquendum
764 2864 807 2915 est
827 2855 938 2912 homini
958 2861 992 2912 ut

151 2942 241 3018 signis
258 2941 429 3019 quibusdam
446 2940 649 3018 consequentia
669 2935 878 2996 declarantibus
894 2935 993 2992 futura

151 3023 331 3098 praesentiat.
371 3021 398 3078 N
400 3040 438 3078 on
453 3022 530 3093 enirn
543 3021 599 3090 illa,
611 3037 683 3097 quae
696 3019 795 3076 futura
809 3023 883 3086 sunt,
896 3014 992 3072 subito

151 3103 302 3172 exsistunt,
312 3101 362 3159 sed
373 3108 416 3159 est
427 3101 506 3177 quasi
521 3099 650 3156 rudentis
664 3097 816 3175 explicatio
831 3096 871 3153 sic
882 3094 992 3152 traduc·

151 3181 194 3239 tio
205 3182 344 3254 temporis
357 3179 429 3237 nihil
443 3179 511 3236 novi
522 3178 669 3236 efficientis
683 3186 713 3235 et
726 3178 851 3252 primum
867 3175 992 3252 quidque
