2242 3436
131 128 178 175 148
393 125 442 174 DE
458 125 707 178 DIVINATIONE.

129 229 195 299 fuit,
206 228 242 286 de
259 235 374 286 senatus
391 230 533 288 sententia
552 230 654 289 refecit
671 250 706 288 ex
723 229 861 289 Caeciliae
878 230 972 290 Balia-

129 309 180 367 rici
194 308 268 366 filiac
283 308 403 367 somnio.

170 389 223 447 Ill.
267 395 293 446 5.
315 385 414 466 Atque
434 389 513 461 hacc,
528 398 562 448 ut
583 409 637 466 ego
659 391 910 462 arbitror,·veteres
930 413 974 450 re·

128 489 193 526 rum
209 470 302 545 magis
322 469 431 526 eventis
448 471 553 528 moniti
574 472 660 548 quani
681 472 791 529 ratione
812 472 890 529 docti
908 493 973 550 pro-

129 549 275 607 baverunt.
318 549 562 626 Philosophorum
579 570 646 607 vero
668 552 810 629 exquisita
831 553 971 630 quaedam
1011 601 1012 606 ,

129 636 298 706 argumenta
314 649 364 686 eur
380 637 454 686 esset
468 649 533 686 vera
550 630 689 688 divinatio
711 631 829 690 collecta
850 639 933 690 sunt:
956 654 972 690 e

130 709 242 786 quibus,
253 716 287 767 ut
303 709 339 766 de
356 708 562 786 antiquissimis
578 710 687 788 loquar,
699 711 898 789 Colophonius
915 712 973 770 Xe

129 788 285 866 nephanes,
298 808 372 846 unus
393 790 443 865 qui
463 789 533 847 deos
553 810 614 848 esse
635 791 750 863 diceret,
762 792 972 849 divinationem

129 868 261 926 funditus
279 869 400 926 sustulit.
443 869 559 947 Reliqui
573 889 640 928 vero
658 889 757 928 omnes
774 879 888 948 praeter
904 871 974 948 Epi·

130 967 230 1006 ourum
240 948 448 1006 balbutientem
462 949 614 1008 denatura
628 951 748 1008 deorum
763 951 972 1009 divinationem

129 1028 331 1105 probaverunt,
343 1028 394 1086 sed
407 1047 466 1086 non
483 1049 541 1087 uno
556 1031 653 1088 modo.
696 1031 773 1088 Nam
790 1051 856 1089 cum
873 1030 973 1088 Socra-

129 1117 173 1165 tes
184 1127 340 1186 omnesque
351 1107 490 1166 Socratici
498 1110 632 1187 Zenoque
644 1117 673 1168 et
683 1112 713 1178 ii,
723 1112 773 1189 qui
783 1111 819 1168 ab
831 1131 865 1168 eo
876 1120 973 1169 essent

130 1187 262 1264 profecti,
272 1196 421 1246 manerent
429 1189 459 1245 in
469 1191 653 1267 antiquomm
662 1191 901 1268 philosophorum
911 1210 973 1248 sen-

129 1268 222 1326 tentia
234 1275 328 1326 vetere
340 1268 499 1326 Academia
513 1277 542 1326 et
556 1270 755 1348 Peripateticis
769 1271 974 1328 consentienti-

130 1347 192 1419 buS,
203 1368 326 1427 eumque
343 1349 410 1406 huic
431 1350 472 1406 rei
490 1369 626 1426 magnam
647 1351 847 1408 auctoritatem
865 1351 974 1428 Pytha-

130 1448 214 1506 goras
228 1429 285 1486 iam
300 1435 366 1486 aute
377 1428 531 1501 tribuisset,
545 1431 595 1506 qui
609 1431 696 1488 etiarn
711 1432 772 1509 ipse
786 1450 877 1507 augur
887 1431 976 1492 vellet

131 1528 199 1580 esse,
210 1509 397 1586 plurimisque
406 1509 476 1566 locis
486 1511 581 1586 gravis
591 1517 691 1568 auctor
698 1511 884 1568 Democritus
894 1530 974 1587 prae-

132 1590 292 1647 sensionem
320 1609 414 1646 rerum
445 1590 607 1647 futurarum
638 1591 845 1667 comprobaret,
871 1591 974 1648 Dicae-

131 1669 233 1726 archus
250 1669 458 1745 Peripateticus
479 1676 573 1726 eetera
589 1669 774 1728 divinationis
793 1689 898 1747 genera
915 1690 974 1727 sus-

131 1748 207 1818 tulit,
226 1749 403 1805 somniorum
432 1756 461 1806 et
488 1749 594 1806 furoris
621 1750 745 1827 reliquit,
761 1750 974 1827 Cratippusque

131 1826 280 1884 familiaris
294 1835 400 1899 noster,
413 1848 498 1906 quem
513 1849 567 1906 ego
582 1848 678 1906 parem
695 1829 814 1887 summis
828 1830 975 1907 Peripate·

132 1907 197 1964 ticis
211 1907 316 1979 iudico,
326 1907 429 1965 iisdem
450 1909 534 1965 rebus
550 1908 637 1967 fidem
654 1909 764 1980 tribuit,
777 1909 886 1986 reliqna
902 1910 975 1967 divi-

132 1987 258 2043 nationis
279 2006 383 2063 gencra
403 1988 508 2046 reiecit.
552 1995 578 2046 6.
601 1988 659 2046 Sed
679 2009 746 2047 eum
763 1989 855 2047 Stoici
875 1990 976 2047 omnia

132 2067 193 2123 fere
207 2066 256 2123 illa
269 2067 465 2138 defenderent,
477 2068 555 2144 quod
570 2076 599 2126 et
615 2069 692 2126 Zeno
706 2070 735 2126 in
754 2070 813 2126 suis
830 2089 976 2128 commen·

131 2146 212 2204 tariis
222 2147 302 2224 quasi
314 2147 423 2204 semina
431 2148 571 2226 quaedam
582 2149 730 2226 sparsisset
739 2156 768 2206 et
779 2169 812 2207 ea
820 2149 976 2208 Cleanthes

132 2226 219 2304 paulo
236 2227 368 2284 uberiora
383 2228 507 2299 fecisset,
519 2229 637 2286 accessit
650 2230 788 2287 acerrimo
799 2230 843 2287 vir
856 2230 976 2306 ingenio

133 2307 321 2384 Chrysippus,
338 2307 388 2385 qui
404 2314 496 2364 totam
514 2308 549 2366 de
566 2309 743 2367 divinatione
764 2309 878 2367 duobus
894 2309 977 2366 libris

133 2388 286 2464 explicavit
300 2388 479 2459 seutentiam,
493 2408 550 2445 uno
564 2395 710 2466 praeterea
723 2389 759 2446 de
773 2389 902 2459 oraculis,
915 2408 977 2446 uno

133 2468 170 2524 de
184 2468 319 2526 somniis:
338 2487 423 2546 quem
436 2468 612 2545 ,subsequens
626 2489 716 2526 uuum
730 2468 836 2526 librum
850 2468 979 2546 Babylo-

133 2547 199 2605 nius
221 2548 368 2624 Diogenes
389 2548 489 2620 edidit,
505 2548 566 2606 eius
588 2549 710 2620 auditor,
726 2549 784 2606 duo
809 2548 976 2625 Antipater,

135 2628 262 2704 quinque
276 2637 373 2686 noster
386 2628 568 2687 Posidonius.
611 2629 669 2687 Sed
685 2649 702 2686 a
718 2628 823 2687 Stoicis
837 2629 881 2687 vel
898 2630 979 2706 prin-

134 2725 201 2783 ecps
226 2708 286 2764 eius
310 2708 485 2784 disciplinae,
508 2709 659 2767 Posidonii
683 2710 792 2780 doctor,
817 2707 979 2787 discipulus

135 2784 291 2860 Antipatri,
308 2787 493 2862 degeneravit
515 2778 677 2860 Panaetius,
692 2809 744 2846 nee
766 2796 864 2848 tamen
889 2809 978 2846 ausus

136 2871 179 2919 est
193 2883 296 2938 negare
311 2865 369 2920 vim
387 2885 447 2922 esse
462 2867 617 2939 divinandi,
630 2869 680 2926 sed
697 2868 827 2926 dubitare
844 2889 874 2926 se
891 2869 976 2926 dixit.

136 2941 222 3008 Quod
239 2940 279 2998 illi
297 2943 327 2998 in
344 2942 484 3021 aliquare
501 2946 679 3004 invitissimis
696 2947 801 3005 Stoicis
818 2948 917 3006 Stoico
935 2949 980 3004 la-

137 3038 199 3076 cere
221 3019 309 3091 licuit,
323 3021 352 3078 id
375 3042 427 3080 nos
448 3031 482 3081 ut
503 3026 533 3082 in
556 3026 671 3103 reliquis
693 3027 776 3084 rebus
798 3028 939 3085 faciamus
960 3049 980 3085 a

137 3098 242 3155 Stoicis
258 3118 316 3157 non
334 3103 523 3161 concedetur?
543 3105 709 3180 praesertim
726 3125 791 3163 cum
809 3107 848 3178 id,
863 3107 900 3164 de
917 3127 980 3184 quo

138 3176 276 3235 Panaetio
287 3198 346 3237 non
357 3179 455 3258 liquet,
465 3183 581 3258 reliquis
592 3185 718 3242 ciusdem
729 3186 897 3264 disciplinae
908 3187 980 3244 solis
