2242 3436
291 140 361 190 LIB.
375 141 423 202 IL,
434 139 512 191 OAP.
528 139 729 202 Lv.-Lvr1.‚§
744 141 865 190 rar-113.
965 146 998 193 97

156 241 326 318 interpretes
346 261 379 298 ac
400 242 495 299 nuntii
517 261 611 300 rerum
634 242 665 298 in
688 242 781 317 capite
796 248 942 318 tamquam
968 242 998 299 in

157 341 221 380 arce
238 321 356 378 mirifice
373 322 410 379 ad
424 341 491 379 usus
507 322 680 379 necessarios
697 330 725 378 et
739 320 810 377 facti
824 329 853 377 et
867 320 998 378 collocati

157 409 232 460 sunt.
275 401 351 458 Nam
366 402 441 459 oculi
456 408 603 478 tamquam
621 401 811 478 speculatores
828 400 998 458 altissimum

156 483 252 540 locum
264 481 404 553 obtinent,
415 501 449 538 ex
461 501 517 557 quo
529 481 652 557 plurima
663 480 870 556 conspicientes
878 480 1000 556 iungan-

156 571 204 620 tur
218 581 269 619 suo
283 581 409 620 munere.
447 566 512 618 141.
528 561 567 617 Et
577 580 666 632 aures,
677 579 743 617 eum
758 579 858 617 sonum
874 561 999 636 percipe-

157 662 187 700 re
201 643 332 714 debeant,
343 644 392 720 qui
403 649 504 698 natura
515 641 545 697 in
561 640 682 698 sublime
692 640 792 709 fertur,
802 647 878 697 recte
889 640 918 697 in
934 640 999 698 altis

157 742 309 800 corporum
326 722 456 800 partibus
477 720 631 778 collocatae
652 727 727 778 sunt.
770 719 900 796 Itemque
917 739 999 777 nares

158 823 201 874 ec,
214 804 292 880 quod
309 803 403 860 omnis
420 802 492 859 odor
509 801 545 858 ad
563 819 666 877 supera
681 800 781 870 fertur,
793 807 869 856 recte
886 819 998 857 sursum

158 891 225 940 sunt
242 890 278 954 et,
291 883 370 961 quod
386 883 443 940 cibi
457 889 486 940 et
500 881 628 959 potionis
645 879 784 938 iudicium
800 898 937 955 magnum
955 899 999 936 ea·

157 982 220 1019 rum
236 970 287 1033 est,
297 982 355 1020 non
366 963 426 1020 sine
438 981 522 1020 causa
532 962 709 1019 vicinitatem
724 960 782 1016 oris
796 967 908 1016 secutae
923 967 997 1018 sunt.

158 1041 220 1099 Iam
231 1050 370 1120 gustatus,
381 1043 430 1120 qui
442 1043 545 1099 sentire
560 1061 667 1111 eorum,
679 1039 783 1117 quibus
795 1039 942 1110 vescimur,
952 1059 999 1116 ge-

157 1142 226 1180 nera
239 1122 333 1194 debet,
345 1123 455 1180 habitat
469 1123 499 1179 in
514 1142 547 1179 ea
560 1129 640 1198 parte
655 1123 720 1190 oris,
734 1138 790 1198 qua
805 1119 955 1177 esculentis
970 1127 999 1176 et

158 1203 315 1280 potulentis
329 1203 384 1260 iter
399 1213 501 1260 natura
514 1202 658 1278 patefecit.
701 1201 807 1258 Tactus
823 1206 920 1257 autem
934 1206 998 1256 toto

158 1302 277 1360 corpore
290 1283 476 1361 aequabiliter
486 1283 567 1340 fusus
581 1289 632 1352 est,
642 1289 675 1338 ut
689 1299 789 1338 omncs
800 1281 874 1337 ictus
889 1298 999 1336 omnes·

159 1382 214 1440 que
230 1363 365 1420 minimos
387 1369 416 1420 et
432 1362 548 1439 frigoris
569 1369 598 1419 et
615 1362 715 1419 caloris
736 1360 873 1437 appulsus
894 1360 998 1417 sentire

157 1443 307 1519 possimus.
350 1443 448 1519 Atque
462 1443 539 1500 utin
553 1441 689 1500 aediliciis
703 1441 852 1498 architecti
866 1446 999 1496 avertunt

158 1522 194 1579 ab
209 1522 298 1579 oculis
312 1523 482 1599 naribusque
494 1522 677 1579 dominorum
692 1541 733 1593 ea,
744 1540 816 1598 quae
827 1519 999 1597 profluentia

157 1602 315 1659 necessario
336 1603 420 1659 taetri
440 1609 534 1659 essent
555 1601 663 1679 aliquid
683 1601 823 1670 habitura,
836 1600 876 1657 sic
898 1606 999 1656 natura

157 1701 202 1738 res
214 1681 319 1739 similes
330 1682 428 1759 procul
440 1682 603 1739 amandavit
614 1701 630 1738 a
641 1681 777 1738 sensibus.
814 1679 906 1738 LVII.
931 1685 996 1737 142.

158 1761 229 1830 Quis
246 1781 312 1818 vero
334 1763 431 1839 opifex
453 1770 565 1838 praeter
585 1769 723 1833 naturam,
737 1781 793 1838 qua
813 1759 884 1818 nihil
902 1767 999 1837 potest

158 1861 218 1899 esse
233 1840 369 1912 callidius,
379 1849 489 1899 tantam
504 1842 658 1900 sollertiam
672 1842 804 1919 persequi
815 1841 957 1918 potuisset
967 1842 997 1897 in

158 1921 305 1978 sensibusl
326 1941 397 1999 quae
414 1923 540 1999 primum
561 1922 659 1978 oculos
678 1921 852 1979 membranis
869 1921 999 1978 tenuissi-

157 2002 213 2058 mis
231 2001 344 2058 vestivit
361 2009 390 2059 et
407 2003 529 2079 saepsit:
552 2020 622 2078 quas
637 2002 764 2079 primum
781 2001 941 2078 perlucidas
958 2002 999 2058 fe·

157 2082 205 2153 cit,
218 2088 250 2138 ut
265 2100 316 2157 per
330 2101 376 2138 eas
390 2083 467 2138 cerni
481 2091 586 2158 posset,
598 2081 694 2138 firmas
708 2088 813 2151 autem,
826 2088 859 2138 ut
873 2081 999 2138 contine·
1053 2120 1055 2124 ,

157 2168 262 2219 rentur.
305 2160 361 2218 Sed
379 2161 502 2219 lubricos
523 2161 621 2219 oculos
637 2161 708 2219 fecit
724 2171 754 2219 et
774 2161 903 2232 mobiles,
916 2168 949 2217 ut
969 2167 999 2218 et

156 2241 340 2307 declinarent,
353 2242 376 2298 si
392 2241 461 2318 quid
475 2248 598 2312 noceret,
611 2248 640 2298 et
656 2249 804 2318 aspectum
822 2260 879 2318 quo
895 2240 1000 2298 vellent

64 2372 72 2378 .
156 2321 241 2378 facile
255 2328 458 2392 converterent,
469 2323 599 2398 aciesque
614 2322 684 2397 ipsa,
695 2341 751 2398 qua
765 2322 915 2391 cernimus,
927 2339 998 2397 quae

156 2400 265 2479 pupula
279 2408 403 2472 vocatur,
414 2402 454 2458 ita
468 2419 556 2478 parva
569 2409 620 2472 est,
631 2408 664 2458 ut
679 2421 719 2472 ea,
733 2419 804 2478 quae
819 2419 921 2457 nocere
936 2419 1000 2477 pos-

157 2481 223 2550 sint,
239 2480 323 2538 facile
345 2481 423 2551 vitet,
438 2480 655 2558 palpebraeque,
672 2500 743 2558 quae
765 2487 832 2537 snut
852 2486 1000 2556 tegmenta

157 2560 315 2630 oculorum,
328 2559 510 2617 mollissimae
527 2567 614 2631 tactu,
627 2580 662 2618 ne
681 2560 824 2618 laederent
841 2560 939 2626 aciem,
952 2579 1000 2635 ap·

155 2641 267 2698 tissime
281 2641 374 2698 factae
391 2648 420 2697 et
436 2640 473 2696 ad
488 2639 659 2697 claudendas
676 2638 807 2716 pupillas,
821 2657 856 2696 ne
875 2640 943 2715 quid
958 2639 1000 2695 in-

156 2720 272 2790 cideret,
285 2728 314 2777 et
334 2721 369 2777 ad
391 2719 566 2796 aperiendas,
579 2721 666 2797 idque
687 2720 822 2796 providit,
845 2727 877 2776 ut
898 2719 1000 2776 identi-

156 2800 223 2856 dem
241 2798 301 2857 fieri
318 2807 415 2877 posset
433 2819 498 2856 cum
515 2801 641 2856 maxima
658 2800 809 2857 celeritate.
854 2804 919 2856 143.
939 2799 1000 2854 Mu-

155 2880 289 2956 nitaeque
304 2886 370 2936 sunt
384 2878 535 2957 palpebrae
549 2886 697 2956 tamquam
709 2879 782 2936 vallo
797 2877 929 2954 pilorum,
940 2879 1000 2956 qui-

155 2958 209 3015 bus
224 2968 253 3015 et
264 2959 369 3038 apertis
383 2959 482 3029 oculis,
493 2960 517 3015 si
532 2960 603 3036 quid
614 2960 759 3028 incideret,
770 2959 960 3034 repelleretur,
971 2965 999 3015 et

156 3057 258 3094 somno
278 3039 485 3110 coniventibus,
502 3057 566 3094 cum
585 3039 675 3095 oculis
694 3039 731 3095 ad
748 3038 921 3095 cernendum
940 3057 999 3094 nou

156 3136 312 3193 egeremus,
323 3126 355 3175 ut
370 3119 420 3194 qui
431 3125 579 3194 tamquam
594 3116 716 3174 involuti
728 3118 912 3194 quiescerent.
949 3117 1000 3173 La·

155 3204 219 3254 tent
229 3204 374 3273 praeterea
384 3197 493 3255 utiliter
504 3203 533 3254 et
543 3197 659 3254 excelsis
669 3197 795 3272 undique
804 3196 933 3273 partibus
942 3215 999 3252 sae
