2242 3436
132 121 178 167 118
353 116 402 165 DE
419 115 569 166 NATURA
584 115 744 164 DEORUM.

130 219 195 289 mal,
214 216 324 274 nullum
346 222 389 274 est
409 215 514 274 animal
537 215 751 292 sempiternum.
795 213 894 272 xus·
921 221 968 273 32.

130 298 176 368 Et,
189 303 222 354 ut
235 296 304 353 haec
321 296 496 366 omittamus,
509 302 605 352 tamen
619 294 724 350 animal
738 293 848 350 nullum
863 294 971 351 inveni-

130 378 154 434 ri
168 384 272 454 potest,
285 375 363 452 quod
377 393 470 451 neque
487 381 586 431 natum
605 392 741 450 umquam
759 374 796 430 sit
813 380 843 430 et
859 393 971 450 semper

130 457 167 512 sit
178 457 316 513 futurum.
352 453 446 512 Omne
461 454 537 511 enim
549 453 652 510 animal
665 472 762 509 sensus
774 452 867 510 habet.
903 453 971 510 Seu-

130 536 166 592 tit
180 535 269 610 igitur
286 540 314 591 et
331 533 422 590 calida
438 539 468 589 et
484 533 591 607 frigida
607 539 636 588 et
650 532 744 589 dulcia
761 538 790 595 et
806 551 901 588 amara
918 551 971 589 nec

129 621 225 692 potest
245 613 303 671 ullo
325 632 409 669 sensu
425 612 550 669 iucunda
570 611 696 688 accipere
717 619 747 668 et
765 630 824 667 uon
843 611 972 688 accipere

129 693 277 751 contraria.
320 691 350 749 si
365 692 454 767 igitur
467 691 623 768 voluptatis
637 710 751 748 sensum
766 691 851 766 capit,
864 691 972 748 doloris

130 773 216 830 etiam
238 772 322 848 capit.
365 770 450 838 Quod
467 778 563 828 autem
580 769 708 828 dolorem
726 770 837 846 accipit,
853 770 885 828 id
901 771 972 827 acci-

130 852 191 928 piat
207 851 294 909 etiam
311 851 459 908 interitum
476 869 589 908 necesse
606 856 656 907 est.
699 848 793 907 Omne
807 849 897 924 igitur
913 850 972 906 ani-

130 930 187 987 mal
208 929 401 986 confitendum
423 936 546 986 estesse
566 927 694 986 mortale.
738 935 783 986 33.
810 929 971 1000 Praeterea,

131 1010 155 1066 si
177 1009 247 1085 quid
265 1016 309 1066 est
327 1009 406 1084 quod
422 1027 474 1066 nec
493 1009 673 1084 voluptatem
694 1009 798 1066 sentiat
818 1027 871 1065 nec
892 1007 973 1064 dolo-

131 1109 199 1158 rem,
211 1088 242 1145 id
256 1088 361 1145 animal
375 1107 435 1146 esse
449 1107 507 1145 nou
518 1094 631 1165 potest:
653 1088 696 1144 sin
707 1094 812 1159 autem,
823 1087 902 1165 quod
913 1088 972 1143 ani-

130 1168 188 1224 mal
202 1175 253 1237 est,
265 1167 297 1225 id
306 1167 355 1225 illa
368 1186 481 1224 necesse
495 1174 538 1225 est
552 1167 664 1237 sentiat,
676 1174 705 1226 et
717 1168 795 1244 quod
809 1187 841 1224 ea
856 1167 971 1238 sentiat,

131 1267 189 1304 non
210 1253 387 1324 potestesse
408 1253 563 1316 aeteruum,
582 1253 612 1304 et
632 1266 717 1304 omne
738 1247 843 1303 animal
865 1247 970 1304 sentit:

131 1327 241 1385 nullum
258 1327 347 1404 igitur
363 1322 468 1383 animal
485 1332 631 1384 aeteruum
649 1334 699 1383 est.
742 1325 893 1384 Praeterea
909 1325 972 1383 nul-

131 1407 189 1465 lum
201 1414 298 1484 potest
312 1425 371 1464 esse
385 1405 489 1462 animal
501 1406 531 1462 in
546 1424 603 1481 quo
617 1423 676 1461 nou
691 1411 720 1462 et
733 1405 874 1482 appetitio
889 1405 927 1462 sit
942 1412 972 1463 et

131 1487 284 1544 declinatio
298 1485 441 1548 naturalis
475 1484 663 1560 Appetuntur
676 1491 772 1547 autem
788 1504 859 1562 quae
874 1504 973 1541 secun·

132 1567 202 1624 dum
222 1574 353 1623 naturam
375 1571 449 1634 suut,
468 1564 646 1621 declinantur
667 1565 816 1634 contraria,
834 1571 864 1622 et
885 1583 972 1620 omne

132 1645 234 1702 animal
247 1646 357 1722 appetit
369 1643 506 1720 quaedam
519 1650 548 1700 et
558 1643 636 1719 fugit
647 1662 664 1700 a
674 1642 853 1721 quibusdam.
885 1642 972 1711 Quod

132 1731 227 1781 autem
242 1725 356 1800 refugit,
366 1723 398 1780 id
408 1728 507 1779 contra
518 1731 649 1780 naturam
661 1730 711 1794 est,
722 1730 752 1780 et
763 1723 841 1800 quod
852 1730 895 1781 est
905 1743 972 1781 con·

132 1812 177 1861 tra
195 1811 334 1873 naturam,
349 1802 380 1859 id
396 1801 482 1859 habet
499 1802 556 1859 vim
573 1802 773 1860 interimendi:
796 1822 881 1860 omne
902 1822 971 1880 ergo

133 1882 236 1940 animal
248 1884 368 1939 intereat
382 1900 494 1938 neccsse
505 1889 556 1938 est.
595 1886 641 1940 34.
661 1881 884 1940 Innumerabilia
895 1890 970 1955 sunt,

133 1983 167 2020 cx
189 1962 292 2039 quibus
308 1960 381 2018 effici
398 1962 519 2037 cogique
535 1961 627 2038 possit
643 1961 717 2018 nihil
734 1981 794 2019 esse
817 1962 895 2039 quod
911 1982 973 2019 sen·

134 2062 197 2100 sum
217 2041 320 2099 habeat
342 2041 409 2118 quin
426 2040 457 2096 id
473 2040 610 2098 intereat:
633 2041 740 2098 etenim
761 2041 801 2098 ea¹
813 2042 883 2118 ipsa,
900 2061 972 2120 quae

134 2122 303 2192 sentiuntur,
317 2127 350 2178 ut
366 2121 465 2196 frigus,
481 2120 564 2190 calor,
577 2127 610 2177 ut
627 2120 766 2197 voluptas,
778 2121 868 2193 dolor,
880 2129 913 2179 ut
930 2141 973 2179 ce-

133 2210 201 2272 tera,
214 2221 278 2258 cum
289 2199 460 2278 amplificata
474 2207 548 2270 sunt,
560 2200 738 2272 interimunt,
750 2220 803 2259 nec
813 2201 903 2259 ullum
914 2201 973 2258 ani-

134 2281 190 2338 mal
207 2287 251 2338 est
267 2281 327 2338 sine
343 2297 443 2338 seusu:
465 2277 576 2336 nullum
593 2280 682 2356 igitur
699 2280 804 2338 animal
826 2289 973 2339 aeternum

135 2369 184 2419 est.
226 2359 308 2418 XIV.
331 2360 446 2416 Etenim
463 2366 513 2416 aut
530 2360 651 2436 simplex
668 2367 711 2417 est
727 2367 829 2417 natura
847 2361 974 2418 animan·

134 2442 179 2511 tis,
195 2448 228 2497 ut
244 2439 288 2496 vel
304 2447 417 2497 terrena
429 2439 466 2496 sit
480 2439 523 2497 vel
538 2440 623 2516 ignca
637 2440 681 2497 vel
696 2440 827 2497 animalis
843 2440 887 2497 vel
901 2440 974 2497 umi-

90 2537 92 2543 ·
134 2520 179 2590 da,
190 2519 268 2596 quod
279 2519 361 2595 quale
372 2519 409 2576 sit
420 2537 456 2575 ne
467 2518 595 2595 intellegi
606 2519 723 2596 quidem
733 2527 838 2596 potest,
848 2527 898 2578 aut
908 2539 974 2577 con·

100 2643 102 2646 -
135 2607 243 2657 cretum
254 2607 297 2656 est
307 2617 342 2656 ex
352 2597 481 2675 pluribus
491 2599 608 2670 naturis,
620 2618 739 2675 quarum
750 2619 833 2658 suum
845 2619 974 2676 quaeque

134 2679 229 2735 locum
245 2677 357 2748 habeat,
373 2697 430 2754 quo
450 2684 568 2736 naturae
584 2678 614 2734 vi
630 2678 745 2749 feratur,
760 2678 816 2736 alia
832 2679 972 2750 infimum,

135 2758 189 2816 alia
203 2777 355 2828 summum,
368 2757 423 2813 alia
436 2756 572 2814 medium.
607 2757 687 2814 Haec
698 2757 735 2814 ad
746 2758 890 2834 quoddam
902 2766 975 2816 tem·

135 2856 189 2912 pus
199 2837 347 2894 cohaerere
357 2842 486 2914 possunt,
497 2855 609 2912 semper
618 2843 715 2894 autem
723 2837 802 2894 nullo
812 2838 900 2895 modo
910 2857 975 2914 pos·

136 2922 218 2972 suut:
236 2935 347 2973 necesse
362 2923 405 2972 est
416 2915 492 2972 enim
506 2915 536 2970 in
551 2934 633 2972 suum
646 2934 774 2992 quaeque
787 2915 882 2974 locum
893 2924 976 2974 uatu-

135 3013 167 3050 ra
179 2994 312 3069 rapiatur.
351 2995 468 3052 Nullum
483 2994 572 3069 igitur
585 2994 690 3050 animal
704 3002 747 3051 est
758 2996 974 3072 sempiternum.

178 3079 223 3129 35.
246 3073 303 3129 Sed
314 3074 411 3130 omnia
423 3074 518 3144 vestri,
527 3072 626 3142 Balbe,
636 3073 729 3130 solent
738 3074 776 3130 ad
786 3074 901 3150 igneam
914 3075 976 3133 vim

137 3151 249 3221 referre,
266 3151 451 3224 Heraclitum,
470 3159 503 3210 ut
524 3152 634 3229 opinor,
650 3159 808 3229 sequentes,
824 3172 910 3230 quem
933 3156 976 3232 ip·
