2220 3432
284 159 353 208 nm.
370 159 401 220 a,
413 159 490 208 cnr.
506 156 862 219 xxrv.-xxv1.,§ur-rs.
957 132 1006 227 η’

153 280 198 332 ne,
209 260 233 318 si
247 280 337 318 unum
348 261 442 318 visum
456 267 531 318 esset
544 260 657 331 falsum,
667 259 777 317 nullum
792 267 866 317 esset
875 277 986 318 verum:

153 360 253 398 omnes
270 360 368 398 sensus
382 341 441 398 veri
457 342 575 398 nuntios
592 341 665 398 dixit
682 360 749 398 esse.
792 340 873 397 Nihil
887 340 989 399 homm

151 421 208 479 nisi
229 420 317 478 ealde.
364 421 532 478 Graviorem
553 421 628 479 enim
647 420 761 498 plagam
779 421 942 498 accipiebat,
956 428 991 479 ut

151 500 286 560 leviorem
304 501 459 578 repelleret.
504 501 549 558 71.
568 501 650 558 Idem
671 501 742 558 facit
758 502 788 558 in
809 510 911 559 natura
926 502 992 560 deo-

150 601 224 640 rum
269 581 348 639 Dum
370 581 585 639 individuorum
606 601 759 659 corporum
780 583 991 640 concretionem

150 661 237 739 fugit,
253 681 289 719 ne
311 662 409 720 interit
397 670 444 719 tus
467 669 496 719 et
518 661 667 738 dissipatio
690 670 887 740 consequatur,
905 670 992 740 negat

150 761 211 799 esse
222 761 325 818 corpus
336 741 464 812 deorum,
475 742 525 799 sed
535 749 682 834 tamquam
694 761 804 820 eorpus,
817 763 869 800 nee
880 744 992 836 sangui-

149 840 226 893 nem,
239 822 289 879 sed
302 829 449 898 tamquam
465 822 641 899 sanguinem.
676 822 789 881 XXVI.
809 823 978 882 Mirabile'
952 844 992 882 v1-

150 900 199 958 det
187 908 242 972 tur,
260 902 338 978 quod
360 921 418 958 nou
442 902 534 959 rideat
558 901 707 980 haruspex,
723 923 788 960 cum
810 904 991 981 haruspicem

148 981 270 1038 viderit:
288 981 343 1039 hoe
357 982 524 1052 mirabilius
537 982 616 1060 quod
630 1002 681 1040 vos
695 983 834 1041 intervos
848 985 936 1042 risum
951 992 992 1042 te·

148 1062 316 1138 nerepossit
317 1063 348 1120 is
379 1061 406 1118 N
408 1082 445 1119 on
457 1070 500 1119 est
510 1081 621 1199 eorpus,
632 1063 682 1120 sed
694 1064 774 1155 quasi
786 1083 895 1141 eorpus.
925 1065 990 1122 Hoc

148 1141 343 1218 intellegerem
362 1142 444 1218 quale
460 1150 542 1213 esset,
556 1163 579 1202 sr
571 1143 646 1199 '‘id
639 1162 668 1200 rn
684 1144 755 1200 ceris
771 1143 926 1222 fingeretur
939 1153 991 1203 aut

148 1220 284 1279 fictilibus
301 1221 406 1298 figuris.
449 1222 483 1278 In
501 1222 555 1280 deo
573 1223 686 1299 quid
665 1231 702 1281 srt
720 1225 800 1301 quasi
821 1243 924 1302 corpus
941 1233 991 1283 aut

148 1302 230 1377 quasi
251 1302 367 1377 sanguis
383 1301 547 1392 intellegere
568 1322 627 1359 non
649 1323 775 1380 possum.
819 1303 863 1361 Ne
880 1313 912 1361 tu
930 1306 991 1381 qui-

147 1381 223 1452 dem,
235 1381 336 1452 Vellei,
350 1382 399 1438 sed
414 1401 472 1439 non
489 1383 638 1440 visfateri
683 1383 728 1440 72.
749 1383 807 1439 Ista
822 1384 991 1440 enimavo-

147 1460 193 1517 bis
210 1461 291 1538 quasi
308 1426 397 1518 dictt
355 1469 415 1518 tata
431 1462 597 1533 redduntur,
615 1482 686 1540 quae
704 1462 845 1540 Epicurus
866 1464 991 1521 oscitans

147 1540 272 1598 alucinat
260 1549 306 1598 tus
328 1549 379 1612 est,
393 1561 458 1599 cum
478 1543 595 1618 quidem
616 1543 794 1618 gloriaretur,
810 1549 844 1599 ut
859 1542 991 1601 videmus

147 1621 178 1677 in
193 1621 280 1698 script
282 1621 314 1691 is,
327 1641 356 1679 se
371 1622 476 1698 magist
477 1641 539 1679 rum
555 1622 687 1680 habuisse
702 1587 821 1680 nulluin.
861 1621 987 1691 Quod
964 1644 990 1681 er

145 1719 206 1757 non
217 1666 415 1779 praedicantit
417 1721 499 1760 amen
510 1702 594 1760 facile
609 1702 742 1780 equidem
754 1691 906 1775 eraderem,
917 1704 990 1762 sieut

145 1780 217 1837 mali
237 1781 358 1839 aedificii
380 1782 498 1839 domino
519 1782 655 1859 glorianti
672 1802 702 1840 se
719 1783 857 1840 architt
799 1789 857 1840 tect
859 1803 907 1840 um
928 1804 989 1841 non

145 1859 287 1918 habuisse.
330 1861 411 1918 Nihil
428 1863 505 1919 enim
521 1882 546 1920 er
538 1862 619 1920 olet
607 1871 670 1920 tex
686 1863 852 1934 Academia,
864 1863 938 1920 nihil
955 1883 989 1922 ex

145 1940 250 2017 Lyce0,
263 1940 335 1998 nihil
350 1961 386 1999 ne
400 1961 415 1998 e
430 1942 586 2019 puerilibus
602 1943 718 2020 quidem
734 1942 900 2021 disciplinis,
933 1944 990 2001 Xe-

144 2027 292 2078 nocratem
307 2022 405 2079 audire
419 2023 523 2099 potuit,
535 2042 621 2100 quem
635 2023 737 2094 virum,
750 2022 780 2080 di
795 2023 988 2082 immortales!

145 2108 176 2158 et
199 2109 267 2159 sunt
289 2102 339 2178 qui
361 2109 465 2179 putent
487 2102 615 2161 audisse:
638 2105 700 2180 ipse
722 2122 780 2160 non
802 2104 880 2161 vult:
904 2103 989 2161 credo

144 2181 211 2259 plus
225 2182 341 2240 nemini.
384 2181 571 2259 Pamphilum
596 2183 748 2260 quendam,
764 2183 894 2241 Platonis
911 2186 988 2243 audi-

144 2269 247 2332 torem,
260 2262 300 2319 ait
317 2281 334 2318 a
354 2281 384 2319 se
401 2261 479 2319 Sami
497 2263 642 2320 auditum:
663 2263 705 2319 ibi
726 2263 803 2320 onim
824 2262 989 2320 adulescens

144 2340 295 2398 habitabat
309 2361 373 2398 cum
389 2351 470 2419 patre
484 2349 514 2400 et
530 2343 674 2413 fratribus,
688 2342 766 2419 quod
781 2343 810 2398 in
828 2361 891 2400 eam
907 2350 989 2419 pater

145 2421 207 2478 eius
221 2420 342 2479 Neocles
356 2423 486 2499 agripeta
499 2429 630 2480 venerat:
653 2423 703 2480 sed
718 2442 784 2479 cum
801 2421 908 2499 agellus
922 2442 987 2480 curn

144 2519 203 2557 non
226 2501 294 2557 satis
316 2501 410 2572 aleret,
424 2509 456 2558 ut
474 2503 584 2579 opinor,
600 2502 660 2559 ludi
677 2502 814 2578 magister
831 2502 896 2559 fuit.
940 2501 956 2558 7
961 2509 986 2560 3.

145 2579 205 2637 Sed
221 2580 297 2637 hunc
315 2581 497 2638 Platonicum
514 2581 633 2639 mirifice
652 2582 812 2639 contemnit
829 2581 987 2657 Epicurus:

145 2661 187 2718 ita
202 2661 307 2718 metuit
325 2681 360 2718 ne
378 2662 448 2738 quid
465 2681 601 2739 umquam
623 2661 756 2719 didicisse
772 2660 910 2718 videatur.
953 2660 987 2717 In

145 2739 331 2817 Nausiphane
346 2741 530 2799 Democriteo
541 2748 663 2813 tenetur,
676 2760 761 2818 quem
775 2759 839 2797 eum
855 2760 872 2796 a
886 2759 915 2797 se
929 2759 987 2797 non

144 2828 232 2896 neget
255 2821 396 2891 auditum,
411 2829 495 2879 vexat
518 2828 616 2879 tamen
641 2820 774 2878 omnibus
797 2820 986 2878 contumeliis.

144 2900 238 2976 Atqui
255 2901 278 2956 si
296 2901 365 2958 lraec
381 2901 565 2958 Democritea
580 2921 639 2958 non
661 2901 793 2971 audisset,
807 2900 876 2976 quid
893 2900 989 2958 audie·

144 2987 189 3037 rat
200 2982 209 3036 l
227 2980 297 3057 quid
308 2983 384 3038 enim
397 2981 425 3037 in
438 2980 566 3070 physicis
577 2981 693 3057 Epicuri
705 3000 763 3036 nen
774 2999 791 3036 a
801 2980 969 3037 Democrito
979 2981 989 3036 l

145 3059 222 3116 Nam
239 3061 293 3117 etsi
310 3060 450 3138 quaedam
467 3061 663 3130 commutavit,
675 3067 707 3116 ut
724 3059 802 3136 quod
818 3058 904 3136 paulo
922 3067 988 3115 ante

145 3140 182 3196 de
196 3139 382 3198 inclinatione
396 3148 559 3198 atomorum
574 3139 643 3208 dixi,
655 3147 750 3195 tamen
766 3138 899 3216 pleraque
916 3138 988 3194 dicit

145 3218 255 3292 eadem,
270 3228 392 3291 atomos
404 3221 497 3290 inane,
509 3219 657 3294 imagines,
670 3217 840 3275 intinitatem
858 3217 987 3274 locorum
