2242 3436
146 130 179 177 92
371 127 420 176 DE
437 127 586 179 NATURA
601 127 763 179 DEORUM.

146 229 273 298 confixae
285 230 430 288 venenatis
440 230 559 307 sagittis,
567 229 685 289 herbam
697 249 838 308 quaerere,
847 251 919 310 quac
930 234 991 292 dic·

146 317 261 367 tamnus
269 317 424 380 vocaretur,
433 330 518 388 quarn
530 329 595 368 cum
605 312 804 388 gustavissent,
812 313 931 388 sagittas
942 333 991 371 ex·

146 391 239 448 cidere
254 389 379 447 dicunte
394 409 520 466 corpora.
561 392 626 448 127.
643 391 804 468 Cervaeque
818 393 905 468 paulo
919 400 989 451 ante

145 477 259 547 partum
276 477 451 547 perpurgant
468 489 497 527 sa
519 470 642 547 quadarn
658 470 784 542 herbula,
798 491 869 549 qnae
889 473 989 530 seselis

145 551 258 608 dicitur.
301 549 362 606 Iam
376 550 426 607 illa
439 550 589 621 cernimus
600 557 634 608 ut
648 558 748 608 contra
760 552 820 608 vim
831 558 860 610 et
874 560 986 610 metum

145 631 203 687 suis
217 649 246 687 se
261 630 346 687 armis
358 648 486 706 quaeque
497 630 641 689 defendat.
676 630 819 688 Cornibus
829 633 912 703 tauri,
923 634 987 710 apri

144 709 286 781 dentibuS,
297 729 394 766 morsu
407 709 512 781 leonae,
522 710 592 767 aliae
602 710 674 787 fuga
687 729 725 781 ee,
735 710 806 768 aliae
820 713 987 770 occultatio

143 809 180 847 ne
194 796 331 859 tutantur,
344 790 494 848 atramenti
509 790 649 848 effusione
666 791 785 867 saepiae,
797 796 914 869 torpore
928 800 988 850 tor-

143 869 270 947 pedines
282 869 389 926 multae
406 870 493 927 etiam
509 871 681 928 insectantes
698 871 794 928 odoris
811 871 986 931 intolerabili

143 948 283 1006 foeditate
303 948 458 1026 depellunt.
500 949 547 1007 LI.
565 950 610 1008 Ut
626 969 693 1008 vero
709 957 865 1028 perpetuus
881 952 986 1010 mundi

142 1036 216 1086 esset
231 1035 354 1100 ornatus
366 1048 472 1106 magna
487 1029 617 1087 adhibita
633 1049 700 1087 cura
716 1037 759 1088 est
773 1050 790 1087 a
803 1031 986 1108 providentia

142 1108 270 1180 deorum,
283 1116 315 1166 ut
329 1128 441 1186 semper
457 1117 551 1167 essent
567 1117 597 1167 et
610 1109 764 1167 bestiarum
778 1130 883 1187 genera
899 1118 929 1169 ct
943 1131 986 1170 ar-

141 1188 244 1245 borum
259 1189 445 1266 omniumque
459 1209 562 1261 rerum,
572 1208 644 1266 quae
656 1197 756 1247 aterra
770 1190 906 1268 stirpibus
918 1211 986 1250 con-

141 1269 305 1328 tinerentur.
339 1269 418 1338 Quae
430 1270 545 1346 quidem
557 1271 654 1327 omnia
664 1289 727 1327 eam
738 1271 796 1327 vim
808 1272 925 1329 seminis
936 1272 985 1330 ha-

140 1348 210 1407 bent
224 1349 254 1406 in
271 1369 309 1421 sc,
319 1357 352 1407 ut
366 1369 400 1407 ex
417 1369 476 1407 uno
493 1350 575 1426 plura
588 1359 768 1427 generentur,
781 1351 867 1428 idque
885 1371 984 1410 semen

140 1429 281 1487 inclusum
297 1430 378 1487 estin
391 1430 494 1487 intima
507 1437 587 1506 parte
602 1449 698 1488 earum
709 1429 851 1502 bacarum,
860 1451 933 1509 quae
947 1451 984 1490 ex

140 1528 252 1587 quaque
267 1510 355 1587 stirpe
369 1510 538 1581 funduntur,
549 1509 708 1587 iisdemque
722 1510 879 1569 seminibus
893 1519 922 1569 et
932 1511 984 1570 ho-

140 1590 231 1646 mines
252 1590 373 1647 adfatim
391 1597 543 1647 vescuntur
564 1596 593 1647 et
609 1597 700 1648 terrae
720 1590 847 1649 eiusdem
868 1593 983 1669 generis

140 1670 271 1746 stirpium
286 1670 470 1727 'renovatione
484 1670 672 1747 complentur.
708 1677 773 1730 128.
790 1671 867 1740 Quid
883 1671 983 1749 loquar

54 1775 57 1781 ¹
140 1757 247 1826 quanta
259 1750 333 1806 ratio
347 1750 377 1806 in
391 1749 490 1807 bestiis
505 1750 541 1807 ad
552 1757 719 1828 perpetuam
735 1752 981 1811 conservationem

139 1847 234 1885 earum
249 1829 361 1904 generis
375 1831 528 1906 appareat?
563 1830 592 1886 N
593 1850 638 1887 am
653 1832 779 1908 primum
794 1831 864 1889 aliae
878 1850 980 1905 mares,

139 1909 209 1966 aliae
220 1909 344 1966 feminae
359 1917 434 1980 sunt,
445 1910 523 1986 quod
533 1912 733 1988 perpetuitatis
743 1930 828 1970 causa
837 1912 982 1970 maehina-

138 1994 169 2045 ta
182 1995 284 2045 natura
299 1996 349 2046 est.
392 1989 506 2047 Deinde
520 1998 615 2066 partes
632 1992 759 2069 corporis
776 1992 855 2050 etad
869 2011 981 2070 procra-

138 2068 245 2125 andum
260 2074 289 2126 et
302 2069 339 2126 ad
353 2069 575 2146 concipiendum
589 2071 753 2148 aptissimae
771 2072 843 2129 etin
857 2091 936 2130 mare
950 2081 981 2133 et

137 2147 168 2204 in
185 2147 295 2205 femina
315 2150 593 2208 commiscendorum
610 2170 763 2228 corporum
780 2153 868 2210 mirae
886 2152 980 2210 libidi-

137 2246 195 2285 nes
238 2228 311 2285 Cum
334 2235 430 2287 autem
445 2231 475 2287 in
494 2230 565 2288 locis
586 2250 682 2288 semen
699 2231 814 2303 insedit,
825 2233 901 2310 rapit
919 2253 979 2290 om-

137 2325 202 2364 nem
214 2308 274 2365 ferc
285 2307 381 2366 cibum
396 2310 433 2366 ad
443 2329 503 2368 sese
518 2329 609 2387 eoque
619 2318 749 2388 saeptum
761 2310 846 2388 fingit
855 2313 959 2370 animal
971 2333 978 2372 :

137 2387 293 2464 quodcum
312 2408 346 2446 ex
361 2397 442 2446 utero
459 2391 587 2466 elapsum
605 2391 719 2460 excidit,
731 2392 761 2448 in
775 2392 812 2448 iis
828 2392 979 2451 animanti-

136 2467 198 2538 bue,
209 2487 280 2545 quae
292 2468 364 2526 lactc
378 2469 500 2540 aluntur,
511 2470 605 2526 omnis
616 2470 676 2527 fere
691 2471 771 2528 cibus
785 2478 909 2529 matrum
924 2471 977 2530 lac-

136 2554 243 2605 tescere
253 2548 364 2625 incipit,
374 2567 471 2625 eaque,
483 2568 554 2626 quae
569 2550 654 2626 paulo
669 2557 735 2608 ante
750 2557 817 2608 nata
831 2559 905 2622 sunt,
916 2553 978 2611 sine

136 2628 281 2704 magistro,
294 2628 366 2685 duce
385 2636 494 2700 natura,
506 2649 646 2687 mammas
666 2637 807 2708 appetunt
823 2650 977 2709 carumque

135 2707 265 2765 ubertate
280 2715 448 2766 saturantur.
483 2709 581 2786 Atque
591 2716 624 2767 ut
635 2710 834 2788 intellegamus
843 2711 916 2770 nihil
927 2712 978 2770 ho·

135 2804 198 2842 rum
217 2805 276 2844 csse
292 2787 446 2845 fortuitum
464 2795 493 2846 et
506 2788 576 2847 hacc
590 2791 687 2849 omnia
703 2809 764 2848 esse
781 2810 868 2868 opera
884 2793 978 2868 provi-

136 2865 189 2921 dae
209 2866 386 2944 sollertisque
402 2875 527 2939 naturae,
541 2889 613 2946 quae
629 2869 803 2947 multiplices
819 2871 897 2928 fetus
913 2891 978 2949 pro

136 2951 240 3012 creant,
258 2951 291 3002 ut
313 2965 385 3017 sues,
402 2954 435 3004 nt
457 2967 548 3018 canes,
566 2949 611 3005 his
632 2967 822 3007 mammarum
846 2951 913 3009 data
934 2959 978 3010 est

136 3020 300 3093 multitudo,
313 3043 382 3099 quas
403 3027 515 3084 easdem
537 3047 641 3104 paucas
661 3028 768 3086 habcnt
789 3049 838 3086 eae
858 3030 975 3102 bestiae,

137 3118 208 3174 quae
219 3118 309 3175 pauca
319 3103 449 3177 gignunt.
486 3112 551 3164 129.
564 3106 641 3175 Quid
652 3108 745 3165 dicam
758 3116 881 3185 quantus
896 3130 977 3169 emor

136 3176 291 3234 bestiarum
308 3181 389 3237 sitin
407 3183 562 3242 educandis
577 3187 829 3263 custodiendisque
846 3189 889 3260 iis,
903 3210 977 3267 quae
