2242 3436
129 113 177 160 122
349 109 400 158 DE
416 109 567 158 NATURA
582 108 744 159 DEORUM.

127 220 157 269 et
179 210 347 288 Neptunum
366 204 478 286 [deum]
496 227 644 267 numeras:
666 228 734 286 ergo
757 210 843 266 etiam
866 210 966 284 Orcus,

126 292 215 348 frater
231 309 338 360 eorum,
351 289 429 359 deus,
442 297 471 346 et
485 288 535 360 illi,
549 289 598 365 qui
611 288 698 346 fluere
712 288 790 364 apud
803 289 911 347 inferos
924 291 968 349 di·

126 377 237 441 cuntur,
247 369 389 440 Acheron,
400 369 535 445 Cocytus,
545 369 627 445 Styx,
637 368 892 446 Pyriphlegethon,
902 377 967 429 tum

126 450 249 521 Charon,
265 456 328 506 tum
350 448 489 507 Cerberus
510 448 540 505 di
558 449 688 524 putandi.
730 453 777 506 44.
800 448 842 505 At
857 449 889 506 id
906 451 968 526 qui-

125 531 191 587 dem
206 528 424 608 repudiandum.
463 527 492 584 N
493 547 508 585 e
519 526 610 585 Orcus
621 528 737 604 quidem
748 528 855 604 igitur?
888 528 967 597 Quid

125 609 221 666 dicitis
241 628 310 684 ergo
327 608 363 666 de
380 607 535 665 fratribus?
575 607 656 664 Haec
680 607 840 665 Carneades
861 607 965 682 aiebat,

125 708 184 746 non
203 695 236 746 ut
254 688 324 746 deos
342 686 566 764 tolleret—quid
582 687 659 744 enim
675 687 849 764 philosopho
869 689 967 746 minus

125 766 415 826 conveniensi-sed
435 774 467 824 ut
489 766 602 824 Stoicos
622 766 695 823 nihil
711 765 747 824 de
764 766 809 824 dis
825 768 966 844 explicare
1014 769 1017 774 ’

125 847 312 905 convinceret.
355 847 455 924 Itaque
471 846 681 923 insequebatur.
723 846 801 915 Quid
818 848 894 904 enim
911 849 967 906 aie

124 926 192 984 batt
213 927 237 983 si
257 927 278 983 ii
300 926 402 983 fratros
424 927 537 983 suntin
554 945 674 983 numero
695 926 824 997 deorum,
839 947 909 984 num
929 928 966 986 de

123 1013 205 1083 patre
226 1025 326 1064 eorum
348 1005 472 1063 Saturno
490 1006 522 1063 id
539 1007 638 1083 negari
655 1013 759 1082 potest,
775 1025 861 1083 quem
878 1007 966 1084 vulgo

123 1086 248 1143 maxime
262 1085 361 1144 colunt
374 1085 411 1142 ad
425 1086 623 1144 occidenteml
659 1085 716 1154 Qui
730 1086 755 1143 si
768 1093 813 1144 est
826 1087 904 1158 deus,
917 1106 966 1164 pa-

123 1172 197 1222 trem
220 1184 334 1242 quoque
356 1165 417 1222 eius
438 1165 557 1223 Caelum
580 1185 640 1224 esse
661 1166 748 1224 deum
768 1165 966 1224 confitendum

124 1252 174 1302 cst.
217 1245 303 1314 Quod
321 1246 346 1302 si
364 1246 406 1302 ita
423 1252 474 1316 est,
490 1245 569 1303 Caeli
587 1265 701 1323 quoque
719 1253 851 1323 parentes
871 1247 902 1304 di
918 1247 966 1304 ha·

123 1324 211 1382 bendi
226 1332 300 1397 sunt,
312 1325 422 1383 Aether
435 1333 464 1382 et
477 1324 548 1382 Dies
562 1345 719 1403 corumque
732 1326 834 1384 fratres
848 1333 877 1383 et
888 1346 966 1384 soro-

123 1424 175 1476 res,
188 1405 238 1483 qui
251 1425 269 1462 a
281 1405 445 1483 genealogis
459 1405 585 1482 antiquis
601 1406 642 1463 sic
656 1406 848 1476 nominantur,
861 1406 963 1479 Amor,

122 1484 222 1558 Dolor,
245 1486 348 1556 Metus,
368 1485 470 1556 Labor,
486 1485 661 1560 Invidentia,
682 1486 793 1557 Fatum,
816 1485 962 1558 Senectus,

123 1564 209 1636 Mors,
224 1565 377 1636 Tenebrae,
390 1565 512 1635 Miseria,
525 1564 653 1636 Querela,
668 1564 775 1636 Gratia,
788 1565 884 1636 Fraus,
898 1566 965 1624 Per·

122 1645 235 1715 tinacia,
245 1646 359 1717 Parcae,
370 1645 552 1722 Hesperides,
563 1644 689 1715 Somnia,
700 1665 772 1722 quos
787 1664 886 1703 omnes
897 1646 965 1705 Ere-

122 1723 160 1781 bo
177 1732 208 1782 et
222 1724 314 1782 Nocte
329 1732 412 1782 natos
425 1726 530 1782 ferunt.
572 1725 634 1782 Aut
648 1725 737 1802 igitur
751 1725 820 1782 haec
834 1735 964 1784 monstra

122 1803 270 1879 probanda
284 1812 351 1861 sunt
364 1811 414 1862 aut
424 1805 518 1882 prima
530 1804 579 1862 illa
592 1804 726 1863 tollenda.
765 1805 879 1864 XVIII.
914 1813 961 1865 45.

122 1883 218 1952 Quidl
259 1883 434 1960 Apollinem,
450 1884 622 1956 Volcanum,
641 1884 822 1956 Mercurium,
843 1893 961 1958 eeteros,

122 1964 192 2020 deos
218 1982 278 2020 esse
305 1962 397 2021 dices:
429 1964 465 2021 de
490 1964 622 2035 Hercule,
644 1964 826 2042 Aesculapio,
848 1965 961 2038 Libero,

122 2042 248 2113 Castore,
261 2043 379 2100 Polluce
393 2043 556 2102 dubitabis?
596 2044 639 2102 At
652 2044 683 2101 hi
698 2045 815 2122 quidem
829 2045 964 2104 coluntur

122 2141 210 2199 aeque
227 2129 313 2199 atque
329 2122 379 2188 illi,
395 2124 473 2200 apud
490 2124 629 2202 quosdam
646 2124 734 2181 etiam
751 2125 960 2202 multomagis.

121 2202 199 2279 Ergo
217 2202 249 2259 hi
265 2203 296 2259 di
313 2211 380 2260 sunt
396 2203 520 2262 habendi
537 2204 706 2262 mortalibus
723 2205 784 2262 nati
804 2205 963 2264 matribus?

121 2281 214 2350 Quidt
245 2282 401 2355 Aristaeus,
415 2283 464 2361 qui
478 2282 569 2340 olivae
583 2283 688 2342 dicitur
701 2284 841 2356 inventor,
851 2285 964 2362 Apolli·

120 2363 166 2419 nis
182 2361 265 2434 filius,
280 2363 414 2435 Theseus,
430 2363 479 2440 qui
497 2363 634 2440 Neptuni,
649 2363 759 2440 reliqui,
776 2383 897 2440 quorum
914 2383 964 2441 pa-

120 2449 178 2501 trea
199 2443 238 2514 di,
253 2462 311 2500 non
330 2451 412 2501 emant
428 2445 459 2500 in
476 2443 594 2501 deorum
611 2445 750 2501 nunierol
791 2443 877 2516 Quid,
894 2464 964 2522 quo·

120 2541 184 2579 rum
201 2524 323 2580 matresl
362 2522 483 2599 Opinor,
498 2523 585 2580 etiam
603 2523 703 2599 magis.
745 2522 790 2581 Ut
806 2524 881 2580 enim
900 2525 962 2582 inre

121 2601 198 2659 civili
220 2603 268 2678 qui
290 2609 333 2660 est
348 2610 440 2659 matre
457 2601 546 2660 libera
562 2602 634 2660 liber
650 2609 700 2673 est,
716 2602 786 2660 item
804 2603 864 2660 iure
881 2611 963 2661 natu·-

120 2699 176 2750 rae,
192 2682 242 2758 qui
265 2682 319 2738 dea
343 2689 433 2739 matre
457 2688 508 2752 est,
527 2682 597 2739 deus
621 2683 658 2739 sit
678 2701 792 2739 necesse
813 2690 863 2740 est.
906 2682 963 2740 Ita-

122 2778 177 2836 que
191 2759 332 2816 Achillem
348 2760 585 2836 Astypalacenses
596 2760 718 2818 insulani
729 2763 905 2819 sanctissIme
917 2782 963 2820 co-

120 2838 201 2893 lunt:
223 2838 273 2912 qui
290 2838 313 2893 si
330 2839 400 2895 deus
416 2846 468 2908 est,
481 2846 510 2895 et
526 2838 658 2916 Orpheus
675 2847 705 2897 ct
720 2841 832 2898 Rhesus
849 2841 879 2899 di
895 2850 962 2900 sunt

121 2917 204 2972 Musa
222 2922 312 2971 matre
328 2917 397 2988 nati,
413 2919 468 2974 nisi
482 2918 558 2975 forte
571 2920 732 2977 maritimae
745 2921 863 2997 nuptiae
877 2927 963 2980 terre-

121 2994 166 3050 nis
180 2999 400 3068 anteponuntur.
443 2997 474 3054 Si
488 2996 519 3052 hi
534 2997 564 3053 di
578 3016 636 3054 non
651 3006 725 3069 sunt,
739 3001 806 3076 quia
819 3020 963 3078 nusquam

121 3071 261 3141 coluntur,
278 3091 335 3148 quo
355 3075 443 3132 modo
464 3075 504 3132 illi
527 3077 613 3134 suntl
653 3082 700 3134 46.
723 3079 799 3137 Vide
816 3080 907 3156 igitur
925 3101 963 3140 ne

121 3149 275 3208 virtutibus
291 3151 440 3210 hominum
458 3155 507 3212 isti
520 3154 644 3212 honores
656 3155 823 3229 habeantur,
836 3179 894 3217 non
909 3161 963 3220 im-
