2224 3446
131 96 179 144 ‘206
391 93 440 142 DE
460 91 711 156 DIVINATIONE.

175 193 240 252 XII.
265 199 311 252 28.
329 193 374 252 Ut
390 193 485 251 ordiar
501 191 537 249 ab
554 192 744 268 haruspicina,
757 211 844 269 quam
861 212 916 269 ego
933 193 977 251 rei

131 275 262 352 publicae
289 292 374 330 musa
400 272 618 349 communisque
648 271 794 348 religionis
825 271 987 329 colendam

131 373 240 411 censeo.
284 352 341 410 Sed
355 352 408 409 soli
423 369 536 409 sumus:
558 351 625 408 licet
638 371 737 408 verum
753 351 899 427 exquirere
914 353 978 410 siue

131 433 248 505 invidia,
259 432 332 490 mihi
346 431 512 509 praesertim
527 430 563 488 de
577 429 719 507 plerisque
734 431 886 489 dubitanti.
929 432 979 489 In-

132 513 293 590 spiciamus,
309 513 334 568 si
357 511 459 589 placet,
475 517 540 569 exta
560 511 695 587 primum.
737 510 907 568 Persuaderi
923 512 978 587 igi-

131 600 178 649 tur
192 593 323 669 cuiquam
335 598 432 668 potest
442 609 483 660 ea,
494 609 567 666 quae
582 589 736 666 significari
747 591 882 648 dicuntur
892 593 975 661 ertia,

131 672 248 748 cognita
264 691 324 728 esse
341 670 377 728 ab
393 668 591 746 haruspicibus
608 668 806 728 observatione
822 671 977 729 diuturna?

132 750 225 819 Quam
242 751 378 808 diuturna
394 750 449 806 ista
464 749 541 806 fuist
561 756 612 805 aut
629 767 715 825 quam
729 750 888 827 longinquo
905 758 978 808 tem-

131 850 201 907 pore
216 829 357 887 observari
368 829 483 906 potuitl
500 835 551 885 aut
562 847 619 905 quo
633 830 722 887 modo
733 837 777 887 est
788 830 891 887 collata
901 831 979 888 inter

131 911 217 986 ipsos,
235 928 306 985 quae
322 929 389 986 pars
409 908 533 980 inimica,
551 927 623 985 quae
640 929 706 986 pars
721 910 871 968 familiaris
892 917 975 980 esset,

132 988 210 1065 quod
233 988 331 1045 fissum
355 988 522 1066 periculum,
545 989 624 1065 quod
648 990 833 1048 commodum
858 990 978 1066 aliquod

132 1068 312 1126 ostenderet?
353 1067 401 1124 An
426 1067 495 1124 haec
520 1068 594 1126 inter
616 1089 646 1126 se
666 1069 830 1146 haruspices
851 1069 976 1140 Etrusci,

131 1148 196 1219 Elii,
215 1148 364 1224 Aegyptii,
383 1147 475 1204 Poeni
496 1148 696 1206 coutuleruntl
736 1148 779 1205 At
799 1149 838 1220 id,
854 1155 979 1226 praeter·

132 1248 217 1304 quam
236 1229 314 1305 quod
327 1226 389 1283 fieri
406 1246 465 1284 non
482 1229 586 1304 potuit,
597 1247 634 1285 ne
650 1227 722 1305 fingi
738 1229 855 1304 quidem
869 1235 976 1306 potest.

131 1308 214 1365 Alios
232 1308 308 1364 euim
326 1306 382 1364 alio
401 1326 482 1364 more
498 1307 629 1365 videmus
644 1314 710 1364 exta
726 1308 906 1384 interpretari
923 1327 978 1366 nee

132 1407 192 1445 esse
217 1407 302 1446 unam
328 1387 459 1443 omnium
484 1386 672 1463 disciplinam.
715 1393 762 1444 29.
784 1387 823 1445 Et
847 1395 931 1459 certe,
952 1389 978 1445 si

132 1475 176 1524 est
192 1468 222 1524 in
243 1467 315 1525 extis
337 1466 491 1543 aliquavis
509 1485 580 1543 quae
598 1465 721 1524 declaret
737 1467 844 1538 futura,
861 1487 978 1524 necesse

132 1553 176 1604 est
192 1566 255 1604 eam
272 1553 402 1604 anteum
419 1565 513 1603 rerum
531 1552 632 1602 natura
648 1565 709 1603 esse
725 1546 909 1604 coniunctam
926 1555 978 1604 aut

132 1627 306 1684 conformari
322 1626 447 1705 quodam
464 1625 552 1682 modo
569 1625 687 1682 numine
701 1625 821 1683 deorum
836 1627 921 1704 vique
936 1627 978 1682 di·

132 1707 206 1764 vina
249 1706 323 1764 Cum
338 1725 432 1764 rerum
449 1712 551 1762 natura
564 1711 646 1761 tanta
658 1712 775 1782 tamque
789 1705 977 1783 praeclaram

133 1805 233 1842 omnes
253 1793 348 1862 partes
373 1792 525 1861 motusque
549 1785 653 1842 diffusa
670 1785 740 1861 quid
756 1785 859 1843 habere
880 1793 978 1861 potest

132 1884 293 1934 commune,
305 1884 364 1921 non
376 1864 470 1921 dicam
481 1865 669 1941 gallinaceum
680 1865 827 1922 fel—sunt
839 1866 914 1922 enim
927 1867 978 1942 qui

133 1943 176 2001 vel
201 1944 382 2019 argutissima
406 1943 476 2001 haec
501 1950 566 2002 exta
593 1963 653 2002 esse
678 1944 878 2002 disant—sed
901 1946 978 2002 tauri

133 2023 224 2100 opimi
241 2024 319 2079 ieeur
341 2030 391 2080 aut
408 2042 457 2080 eor
478 2031 529 2080 aut
544 2023 664 2100 pulmol
685 2024 755 2101 quid
771 2024 858 2082 habet
874 2032 979 2082 natura

132 2102 189 2160 tale
207 2102 285 2178 quod
300 2102 441 2160 declarare
454 2103 546 2179 possit
561 2103 631 2180 quid
645 2104 776 2161 futurum
794 2105 848 2161 sitl
888 2103 976 2162 XIII.

134 2188 180 2240 30.
202 2181 387 2240 Democritus
404 2189 500 2240 tamen
516 2201 576 2239 non
593 2183 694 2241 inscite
711 2190 843 2260 nugatur,
855 2190 888 2241 ut
904 2183 979 2260 phy-

133 2263 215 2334 sicus,
229 2281 286 2340 quo
301 2281 404 2339 genere
419 2262 491 2318 nihil
505 2263 707 2339 adrogantius:

149 2383 222 2445 Quod
236 2392 273 2434 est
284 2391 342 2432 aute
354 2382 428 2446 pedes
439 2397 513 2431 nemo
525 2391 627 2446 spectat,
639 2383 701 2432 caeli
713 2391 854 2432 scrutantur
864 2383 960 2448 plagas.

133 2499 242 2559 Verum
260 2502 284 2559 is
300 2509 397 2558 tamen
415 2499 515 2557 habitu
533 2507 664 2557 extomm
678 2507 714 2558 'et
730 2501 824 2558 colore
841 2500 979 2559 declarari

133 2588 230 2638 censet
244 2581 313 2639 haee
327 2581 485 2650 dumtaxat,
497 2578 596 2656 pabuli
610 2599 700 2657 genus
717 2588 746 2637 et
760 2599 857 2637 earum
871 2600 977 2652 rerum,

135 2679 204 2735 quas
225 2666 300 2717 terra
320 2667 458 2735 procreet,
474 2659 519 2716 vel
540 2659 700 2717 ubertatem
721 2660 766 2716 vel
786 2659 978 2718 tenuitatem:

135 2738 329 2794 salubritatem
347 2738 433 2793 etiam
451 2745 501 2795 aut
517 2738 710 2813 pestilentiam
728 2740 801 2796 extis
822 2739 978 2815 significari

135 2821 226 2889 putat.
268 2815 295 2871 O
309 2813 458 2871 mortalem
473 2816 598 2887 beatum,
611 2819 657 2874 eui
671 2825 749 2874 certo
764 2819 822 2876 seio
837 2819 978 2877 iudicium

135 2910 292 2966 numquam
314 2892 455 2949 defuisse!
497 2893 632 2952 Huncine
652 2896 799 2953 hominem
821 2899 909 2954 tantis
931 2899 978 2957 de-

135 2968 270 3035 lectatum
288 2988 347 3024 esso
364 2971 457 3044 nugis,
473 2979 505 3026 ut
522 2991 581 3028 non
598 2973 708 3031 videret
720 2983 783 3032 tum
798 2977 928 3034 futurum
946 2979 979 3036 id

136 3046 195 3101 veri
212 3044 303 3102 simile
321 3065 387 3115 esse,
404 3049 533 3104 omnium
551 3070 616 3108 eum
631 3054 774 3128 pecudum
792 3062 858 3112 exta
874 3057 977 3114 eodem

136 3128 265 3198 tempore
282 3124 311 3179 iu
329 3123 451 3180 eundem
471 3125 601 3184 habitum
619 3149 649 3186 se
663 3131 844 3210 coloremque
861 3153 978 3192 conver·-
