2242 3436
139 119 186 164 170
395 113 445 161 DE
461 111 713 161 DIVINATIONE.

136 214 194 273 Sed
215 214 307 272 tribus
328 214 423 272 modis
445 220 542 272 censet
563 213 683 270 deornm
703 211 824 290 appulsu
844 210 980 270 homiues

136 295 294 352 somniare:
313 313 370 351 uno
386 293 464 369 quod
475 293 639 369 praevideat
650 293 762 350 animus
773 293 834 369 ipse
845 311 896 368 per
906 311 978 361 sese,

136 375 244 452 quippe
262 374 311 450 qui
326 374 444 430 deorum
459 373 631 447 cognatione
645 379 783 443 teneatur,
795 372 884 429 altero
899 372 980 448 quod

135 455 237 531 plenus
248 461 298 511 aer
308 453 346 510 sit
356 452 562 510 immortalium
573 453 744 523 animorum,
752 453 781 508 in
794 451 897 529 quibus
907 461 981 509 tam-

136 554 222 612 quam
232 534 384 611 insignitae
395 541 479 590 notae
490 533 618 590 veritatis
628 539 791 609 appareant,
802 533 888 590 tertio
900 532 981 609 quod

135 615 191 691 ipsi
214 613 245 671 di
267 633 332 672 eum
349 612 560 671 dormientibus
580 612 786 689 colloquantur.
830 612 930 688 quue,
946 619 981 669 ut

135 694 224 751 modo
241 694 310 763 dixi,
325 693 438 750 facilius
455 692 551 750 evenit
566 693 815 770 appropinquante
831 699 934 763 morte,
946 699 981 749 nt

135 773 224 830 animi
235 774 333 831 futura
343 780 525 850 augurentur.
561 778 607 830 65.
626 771 670 828 Ex
682 792 739 849 qno
750 780 779 830 et
790 771 862 830 illud
873 779 916 830 est
927 771 982 829 Ca-

135 852 200 924 lani,
209 852 245 910 de
260 873 317 930 quo
331 861 397 910 ante
411 853 480 922 dixi,
493 859 523 909 et
536 851 685 910 Homerici
699 852 842 924 Hectoris,
854 852 905 929 qui
918 871 982 908 mo-

134 932 210 989 riens
218 933 410 1008 propinquam
419 932 526 990 Achilli
536 939 659 990 mortem
668 933 827 990 denuntiat.
860 931 978 989 XXXI.

135 1011 236 1088 Neque
253 1012 329 1069 enim
345 1012 417 1069 illud
430 1012 548 1070 verbum
563 1020 670 1071 temere
685 1012 862 1071 consuetudo
877 1031 982 1089 appro-

134 1090 266 1162 bavisset,
279 1092 303 1149 si
317 1111 350 1150 ea
363 1112 407 1150 res
422 1093 500 1149 nulla
514 1099 587 1150 esset
601 1093 736 1151 omnino:

177 1214 341 1276 Praesagibat
352 1215 450 1264 animus
461 1215 552 1264 frustra
564 1229 604 1264 me
614 1217 659 1277 ire,
671 1231 729 1266 eum
741 1217 836 1265 exirem
848 1215 930 1266 domo.

135 1324 152 1352 “
162 1324 261 1402 Sagire
270 1323 287 1351 ’'
305 1325 382 1383 enim
404 1327 508 1383 sentire
529 1333 611 1384 acute
632 1333 689 1384 est:
712 1345 746 1383 ex
764 1346 821 1403 quo
840 1326 856 1353 “
866 1345 951 1403 sagae
960 1326 979 1354 '’

133 1424 212 1477 anns,
225 1405 293 1482 quia
307 1406 400 1463 multa
416 1406 486 1463 scire
501 1406 652 1475 voluntat
666 1407 683 1433 ‘⁶
693 1425 808 1484 sagaces
816 1405 833 1433 ”
848 1406 920 1464 dieti
934 1427 980 1465 ca-

133 1504 191 1542 nes.
234 1485 263 1542 Is
279 1486 376 1562 igitur,
395 1486 445 1562 qui
464 1493 529 1543 ante
551 1486 626 1563 sagit
643 1505 728 1564 quam
750 1486 847 1545 oblata
862 1506 907 1545 res
924 1496 977 1560 est,

133 1564 239 1622 dicitur
252 1565 420 1642 praesagire,
431 1565 462 1622 id
475 1573 526 1636 est,
536 1566 635 1624 futura
648 1574 714 1624 ante
729 1568 841 1625 sentire.

174 1650 221 1702 66.
244 1644 323 1702 Inest
339 1647 427 1721 igitur
444 1646 474 1702 in
491 1647 595 1703 animis
611 1648 784 1724 praesagitio
802 1647 979 1706 extrinsecus

132 1723 239 1781 iniecta
251 1732 337 1802 atquc
351 1725 461 1782 inclusa
474 1726 621 1784 dlvinitus.
663 1727 706 1784 Ea
720 1728 743 1784 si
758 1729 862 1786 exarsit
873 1728 976 1799 acrius,

132 1803 214 1861 furor
234 1805 401 1880 appellatur,
419 1825 485 1862 cum
507 1825 524 1863 a
544 1825 662 1883 corpore
683 1808 796 1866 animus
817 1809 978 1867 abstractus

132 1882 231 1940 divino
245 1884 383 1942 instinctu
397 1887 564 1944 concitatur.

164 2001 200 2053 H.
214 2004 262 2053 Sed
275 2005 333 2067 quid
345 2006 423 2054 oculis
434 2007 519 2057 tabere
530 2008 584 2056 visa
594 2023 621 2057 es
632 2007 764 2071 derepente
775 2009 939 2060 ardentibus?

165 2070 215 2117 Ubi
227 2071 270 2118 illa
282 2080 325 2118 tua
336 2072 409 2133 paulo
420 2082 478 2121 ante
489 2074 586 2136 sapiens
597 2074 724 2134 virginalis
736 2075 878 2124 modestia?

167 2131 195 2184 0.
209 2135 298 2196 Mater,
310 2137 460 2198 optimarum
473 2139 551 2187 multo
562 2140 651 2188 mulier
662 2141 750 2190 melior
761 2141 900 2202 mulierum,

164 2200 243 2249 Missa
255 2217 309 2249 sum
321 2204 495 2263 superstitiosis
508 2205 723 2253 lrariolationibusz

165 2266 280 2330 Namque
292 2267 384 2330 Apollo
395 2269 453 2316 fatis
465 2269 545 2318 fandis
557 2270 698 2318 dementem
709 2271 813 2319 inritam
825 2272 881 2321 ciet.

163 2331 282 2393 Virgines
294 2334 408 2398 aequales
419 2349 512 2395 vereor,
523 2336 599 2397 patris
611 2336 660 2384 mei
672 2352 755 2385 meum
766 2337 862 2386 factum
872 2337 957 2400 pudet,

164 2397 259 2460 Optimi
270 2400 324 2449 viri.
361 2400 422 2448 Mea
433 2410 521 2460 mater,
534 2401 570 2448 tui
582 2416 622 2449 me
633 2402 741 2462 miseret,
754 2404 803 2451 mei
815 2404 889 2465 piget.

164 2463 290 2525 Optimam
300 2467 440 2527 progeniem
449 2466 550 2514 Priamo
559 2467 675 2528 peperisti
683 2477 755 2516 extra
765 2483 817 2516 me:
833 2468 879 2517 hoo
888 2468 964 2531 dolet,

164 2527 225 2577 Men
236 2530 329 2591 obessa,
342 2531 397 2580 illos
408 2531 532 2594 prodesse,
544 2546 585 2579 me
596 2532 702 2593 obstare,
713 2533 768 2581 illos
780 2533 890 2597 obsequi.

131 2627 158 2686 Ο
179 2637 285 2706 poema
305 2637 435 2688 tenerum
457 2639 486 2690 et
502 2638 646 2690 moratum
668 2641 753 2710 atque
774 2635 875 2693 molle!
918 2635 976 2695 Sed

130 2708 186 2764 hoc
207 2709 302 2764 minus
322 2710 359 2765 ad
379 2729 447 2767 rem.
491 2713 537 2769 67.
566 2712 650 2784 Illud,
670 2713 748 2790 quod
773 2715 912 2787 volumus,
930 2736 977 2774 ex-

131 2805 261 2860 pressum
275 2793 326 2855 est,
339 2795 371 2844 ut
386 2789 533 2847 vaticinari
547 2792 629 2849 furor
643 2812 708 2849 vera
723 2793 819 2851 soleat,

164 2892 253 2952 Adest,
263 2892 334 2941 adest
345 2895 388 2942 fax
399 2896 514 2947 obvoluta
526 2902 646 2960 sanguine
659 2911 732 2964 atque
745 2903 873 2954 incendic!

164 2956 258 3003 Multos
270 2971 348 3005 annos
360 2959 446 3008 latuit:
466 2963 539 3024 elves,
551 2965 613 3012 ferte
624 2981 696 3028 opem
708 2977 733 3016 et
745 2969 897 3030 restinguite.

131 3062 354 3200 lDeustinclusus
371 3088 489 3147 corpore
505 3072 632 3132 humano
650 3076 716 3148 iarn,
735 3097 793 3137 non
815 3081 978 3146 Cassandra

144 3160 211 3217 oqui
226 3163 259 3200 ur
