2224 3446
421 159 500 207 CAP.
509 158 607 218 ll.-V.,
622 157 636 216 §
648 159 705 206 1-9.
936 163 984 208 255

186 257 236 316 IV.
281 257 306 316 l.
329 257 387 316 Sed
403 258 600 329 Posidonium,
616 259 690 316 sicut
706 278 827 335 aequum
850 267 900 329 est,
919 280 984 317 cum

145 337 221 395 bona
234 337 327 414 gratia
343 338 530 408 dimittamus,
542 338 579 395 ad
593 338 749 415 Chrysippi
763 339 879 416 laqueos
896 360 985 397 rever-

145 426 246 474 tamur.
289 417 344 475 Cui
362 418 477 494 quidem
494 419 619 495 primum
640 419 676 475 de
693 419 755 495 ipsa
775 439 869 476 rerum
890 429 985 477 eonta-

144 498 230 571 gione
257 499 487 573 respondeamus,
513 497 621 575 reliqua
648 507 748 575 postea
774 519 982 576 persequemur.

145 577 224 634 Inter
247 577 375 634 locorum
399 583 514 634 naturas
541 586 679 655 quantum
705 579 817 636 intersit
838 579 983 636 videmus:

145 657 216 714 alios
232 676 292 713 esse
309 656 441 728 salubres,
457 657 528 713 alios
541 658 722 733 pestilentes:
744 659 774 714 in
791 659 853 715 aliis
870 678 929 716 esse
943 659 985 735 pi-

145 737 267 794 tuitosos
289 743 318 793 et
335 737 415 813 quasi
431 736 630 807 redundantes,
646 738 677 794 in
694 738 756 795 aliis
773 738 928 795 exsiccatos
945 747 985 795 at·

145 835 201 892 que
217 816 328 873 aridos:
349 816 496 892 multaque
513 823 580 873 sunt
594 817 656 887 alia,
669 837 741 894 quac
755 818 830 875 inter
844 818 938 875 locum
956 825 985 875 et

144 896 240 952 locum
256 896 412 972 plurimum
429 896 573 954 differunt.
614 896 739 954 Athenis
759 905 845 956 tenne
865 897 983 968 caelum,

145 995 180 1032 ox
208 995 265 1052 quo
293 977 378 1032 etiam
407 977 547 1033 acutiores
574 984 712 1051 putantur
733 977 833 1049 Attici,
860 996 984 1035 crassum

145 1054 259 1126 Thebis,
272 1054 368 1132 itaque
382 1056 504 1132 pingues
517 1054 646 1112 Thebani
664 1064 693 1112 11
707 1056 839 1114 valentes.
876 1057 983 1114 Tamen

144 1154 237 1211 neque
258 1134 329 1192 illud
350 1142 435 1192 tenue
458 1134 567 1192 caelum
590 1133 700 1205 efficiet,
716 1143 749 1192 ut
771 1143 821 1193 aut
841 1136 984 1194 Zenonem

146 1215 209 1291 quis
226 1221 276 1271 111
289 1215 445 1272 Arcesilam
464 1215 513 1271 111
527 1215 757 1291 Theophrastum
774 1215 880 1286 audiat,
892 1236 984 1293 neque

145 1313 278 1364 crassum,
296 1302 329 1352 11
351 1295 460 1351 Nemea
482 1296 684 1371 potiusquam
707 1294 818 1352 Isthmo
836 1296 984 1352 victoriam

145 1381 232 1450 petat.
272 1381 297 1431 8.
319 1374 461 1450 Disiunge
475 1375 596 1450 longius,
632 1373 709 1442 Quid
724 1375 800 1432 enim
814 1375 870 1431 loci
883 1383 985 1432 natura

145 1453 256 1511 adferre
273 1461 421 1530 potestat
435 1455 465 1510 11
479 1455 592 1530 porticu
607 1454 728 1531 Pompei
743 1455 840 1531 potins
855 1474 940 1531 quam
954 1455 984 1511 in

145 1552 247 1609 campo
262 1533 458 1591 ambulemus?
478 1542 573 1591 tecum
589 1553 674 1610 quam
689 1554 754 1591 cum
769 1535 844 1592 11101
884 1534 984 1592 Idibus

144 1614 242 1690 potius
263 1632 348 1690 quam
364 1613 521 1671 Kalendis?
561 1613 605 1672 Ut
621 1613 710 1690 igitur
730 1614 767 1670 ad
784 1614 919 1691 quasdam
940 1634 985 1671 res

144 1700 246 1750 natura
259 1692 314 1750 loci
325 1694 449 1770 pertinet
462 1692 578 1770 aliquid,
590 1693 627 1750 ad
642 1693 779 1770 quasdam
793 1700 888 1751 autern
902 1694 983 1766 nihil,

145 1773 186 1830 sic
202 1780 343 1831 astrorum
360 1773 486 1830 adfectio
502 1773 603 1844 valeat,
619 1773 643 1829 si
659 1773 710 1844 vis,
726 1773 762 1830 ad
777 1773 914 1850 quasdam
931 1793 983 1845 res,

145 1852 182 1910 ad
199 1871 298 1910 omnes
315 1859 390 1910 certe
406 1872 464 1909 non
481 1852 594 1910 valebit.
636 1853 679 1909 At
696 1853 781 1924 enim,
798 1854 933 1931 quoniam
954 1855 984 1910 in

144 1933 254 1990 naturis
267 1932 419 1989 hominum
436 1932 683 1989 dissimilitudines
700 1939 774 2000 sunt,
791 1943 823 1990 ut
837 1933 908 1991 11101
925 1935 985 1990 dul-

145 2012 197 2084 cia,
212 2011 283 2068 alios
300 2011 448 2068 subamara
464 2011 614 2082 delectent,
630 2012 678 2069 alii
695 2011 850 2085 libidinosi,
868 2014 917 2071 alii
934 2015 985 2071 ira·

145 2091 231 2149 cundi
246 2097 295 2148 aut
309 2091 435 2150 crudeles
453 2098 502 2148 aut
516 2092 630 2168 superbi
648 2093 713 2163 sint,
726 2093 774 2150 alii
788 2093 894 2152 talibus
908 2095 985 2151 vitiis

145 2170 331 2228 abhorreant:
354 2171 489 2248 quoniam
503 2171 600 2248 igitur,
612 2172 715 2249 inquit,
727 2180 840 2230 tantum
854 2181 955 2231 natura
969 2194 985 2230 a

144 2257 246 2308 natura
259 2251 355 2323 distat,
368 2251 438 2328 quid
451 2252 557 2308 mirum
572 2259 614 2308 est
625 2251 676 2308 has
691 2252 936 2311 dissimilitudines
951 2274 984 2310 ex

145 2331 344 2389 differentibus
358 2332 449 2388 causis
463 2350 523 2388 esse
537 2331 647 2388 1101111

186 2411 222 2468 V.
262 2416 288 2468 9.
311 2411 391 2468 Haec
405 2411 545 2469 disserens
560 2430 616 2488 qua
630 2410 666 2468 de
680 2428 710 2467 11
724 2417 825 2486 agatur
839 2417 868 2468 et
882 2411 912 2468 in
927 2432 984 2489 quo

145 2510 229 2548 eausa
245 2490 383 2547 consistat
396 2510 455 2547 non
469 2490 555 2548 videt.
598 2491 665 2547 Non
680 2489 765 2560 enim,
779 2491 802 2546 si
819 2491 868 2548 alii
881 2491 917 2548 ad
931 2492 985 2548 alia

145 2571 344 2647 propensiores
365 2577 431 2627 sunt
448 2577 565 2648 propter
585 2589 682 2626 causas
702 2570 844 2627 naturales
864 2578 893 2628 et
909 2579 985 2628 ante·

145 2650 286 2721 cedentes
301 2650 407 2708 idcirco
425 2651 511 2707 etiam
525 2657 686 2707 nostrarum
701 2649 882 2706 voluntatum
899 2659 985 2728 atque

145 2729 357 2806 appetitionum
374 2737 441 2786 sunt
457 2749 556 2787 causae
573 2729 715 2787 naturales
732 2735 761 2786 et
778 2730 983 2788 antecedentes

145 2809 222 2866 Nam
238 2809 311 2865 nihil
328 2817 402 2866 11111
415 2810 445 2866 11
462 2816 560 2866 nostra
573 2817 723 2886 potestate,
739 2809 763 2865 si
777 2809 818 2865 ita
834 2828 878 2866 res
895 2829 924 2866 se
938 2810 986 2866 ha-

145 2888 232 2946 beret.
271 2889 355 2947 Nunc
370 2909 436 2947 vero
451 2889 583 2960 fatemur,
596 2890 673 2946 acuti
686 2887 848 2960 hebetesne,
860 2888 986 2947 valentes

145 2968 317 3026 imbecilline
334 2970 430 3039 simus,
443 2988 502 3025 non
516 2988 576 3025 esse
590 2969 621 3025 id
635 2969 665 3024 in
682 2968 773 3025 nobis
816 2968 872 3037 Qui
889 2977 983 3027 autem

146 3067 180 3104 ex
194 3067 228 3106 eo
245 3048 311 3123 cogi
325 3055 416 3124 putat,
429 3066 465 3104 ne
481 3054 515 3104 ut
529 3048 676 3104 sedeamus
692 3047 807 3123 quidem
825 3055 875 3104 ant
889 3048 985 3105 ambu-

146 3127 237 3184 lemus
258 3126 413 3184 voluntatis
435 3145 503 3198 esse,
522 3127 546 3183 is
566 3145 626 3182 non
648 3126 728 3183 videt
749 3144 821 3202 quae
844 3146 985 3204 quamque

146 3226 205 3263 rem
220 3225 264 3263 res
278 3211 474 3281 consequatur.
516 3205 561 3263 Ut
575 3206 652 3262 enim
668 3212 698 3263 et
712 3205 854 3281 ingeniosi
868 3213 897 3265 et
910 3207 983 3264 tardi
