2242 3436
130 112 163 158 oo
257 74 260 78 ⁴
351 109 400 156 nn
418 108 569 158 narum
585 107 747 158 nnonunr.

130 211 219 268 vitam
233 208 413 267 retinendam
427 228 486 266 non
500 209 698 266 necessarium.
744 214 809 267 122.
824 209 916 268 Dedit
929 230 980 269 au·

130 299 190 348 tem
205 290 304 348 eadem
321 297 423 346 natura
437 288 528 346 beluis
543 295 571 347 et
586 309 699 346 sensum
716 296 750 347 et'
758 291 930 366 appetitum,
942 300 980 349 ut

130 370 219 428 altero
241 377 377 427 conatum
394 369 533 426 haberent
549 369 586 426 ad
602 369 745 426 naturales
761 377 860 446 pastus
881 389 980 446 capes·

131 451 242 520 sendos,
250 450 338 507 altero
349 456 527 508 secernerent
535 449 698 525 pestiferae
709 449 886 508 salutaribus.
913 450 979 508 Iam

130 550 197 588 vero
212 531 267 588 alia
278 529 412 587 animalia
421 529 588 606 gradiendo,
596 529 650 586 alia
661 529 801 606 serpendo
813 530 850 587 ad
860 537 979 607 pastum

130 611 278 682 accedunt,
290 610 345 666 alia
362 609 494 680 volando,
506 609 561 666 alia
581 609 686 680 nand0,
699 609 853 686 cibumque
870 611 978 687 partim

131 691 188 748 oris
197 690 278 748 hiatu
288 697 317 747 et
326 689 460 748 dentibus
471 689 541 767 ipsis
550 695 710 766 capessunt,
718 690 824 766 partim
834 691 978 768 unguium

130 771 284 828 tenacitate
294 770 449 846 adripiunt,
458 769 563 845 partim
573 769 737 827 aduncitate
746 777 912 842 rostrorum,
921 771 978 828 alia

131 857 246 925 sugunt,
259 850 314 906 alia
329 857 459 926 carpunt,
471 849 527 907 alia
541 857 651 918 vorant,
663 849 719 906 alia
734 850 884 908 mandunt.
922 851 978 908 At·

132 949 187 1006 que
204 930 289 986 etiam
308 928 429 986 aliorum
446 948 479 987 ea
495 936 540 987 est
555 929 712 1001 humilitas,
727 937 761 987 ut
777 930 874 994 cibum
891 938 978 989 terre

132 1016 219 1066 strem
240 1009 339 1067 rostris
359 1008 443 1067 facile
464 1009 653 1086 contingant:
697 1015 762 1068 123.
786 1029 858 1087 quae
879 1019 976 1068 autem

131 1088 234 1146 altiora
247 1096 322 1161 sunt,
335 1095 367 1147 ut
381 1109 500 1162 anseres,
512 1097 546 1148 ut
560 1089 655 1166 cygni,
667 1096 807 1167 utgrues‚
817 1101 851 1148 ut
865 1091 976 1161 cameli,

132 1169 303 1227 adiuvantur
319 1170 489 1246 proceritate
506 1169 662 1228 collorum:
684 1189 787 1226 manus
803 1171 890 1228 etiam
907 1171 978 1228 data

132 1256 176 1306 est
192 1248 353 1326 elephante,
370 1250 576 1326 quiapropter
596 1249 825 1326 magnitudinem
847 1251 978 1328 corporis

132 1328 262 1387 difficiles
283 1329 378 1386 aditus
398 1329 523 1386 habebat
544 1329 581 1386 ad
599 1337 723 1406 pastum.
765 1329 904 1388 XLVIII.
923 1330 976 1401 At,

133 1409 236 1487 quibus
255 1409 354 1467 bestiis
375 1416 435 1467 erat
451 1409 476 1466 is
496 1408 586 1481 cibus,
601 1417 635 1467 ut
655 1410 727 1466 alius
748 1411 860 1486 generis
877 1410 978 1468 bestiis

132 1498 319 1559 vescerentur,
334 1495 384 1546 aut
401 1490 474 1546 vires
494 1496 596 1546 natura
617 1489 698 1547 dedit
718 1496 768 1547 aut
784 1490 976 1548 celeritatem:

132 1570 200 1627 data
221 1577 264 1627 est
281 1568 452 1646 quibusdam
473 1569 561 1626 etiam
581 1569 757 1627 machinatio
779 1569 918 1646 quaedam
936 1578 983 1634 atr

133 1669 188 1727 que
206 1650 339 1720 sollertia,
350 1656 384 1706 ut
397 1649 428 1706 in
445 1649 585 1706 araneolis
601 1649 672 1706 aliae
690 1649 771 1726 quasi
788 1657 847 1707 rete
863 1657 975 1720 texunt,

132 1737 173 1801 ut,
186 1729 210 1786 si
232 1728 301 1806 quid
322 1728 484 1799 inhaeserit,
499 1728 660 1800 conficiant,
676 1729 746 1786 aliae
769 1737 865 1787 autem
887 1737 920 1786 ut
941 1749 977 1786 ex

132 1809 284 1887 inopinato
301 1807 453 1865 observant
470 1814 506 1879 et,
520 1809 544 1866 si
561 1809 631 1887 quid
647 1809 759 1879 incidit,
771 1809 918 1886 adripiunt
934 1810 979 1866 id·

134 1908 189 1967 que
203 1893 384 1946 consumunt.
427 1887 522 1945 Pinna
536 1889 684 1946 vero—sic
699 1890 776 1946 enim
790 1889 896 1946 Graece
907 1889 978 1947 dici-

120 1967 348 2026 ¹tur--duabus
368 1967 525 2044 grandibus
546 1969 645 2046 patula
665 1968 783 2026 conchis
803 1988 869 2026 cum
890 1989 978 2046 parva

134 2048 236 2125 squilla
251 2047 331 2125 quasi
346 2047 513 2106 societatem
530 2049 589 2106 coit
602 2048 788 2125 comparandi
802 2049 867 2120 cibi,
880 2050 977 2126 itaque

133 2147 199 2186 cum
220 2127 350 2204 pisciculi
371 2127 452 2204 parvi
473 2129 503 2184 in
523 2127 663 2186 concham
684 2128 812 2186 hiantem
834 2129 978 2187 innatare-

133 2215 284 2278 muttum
298 2208 447 2265 admonita
461 2207 579 2284 squillae
593 2209 682 2285 pinna
698 2228 795 2266 morsu
812 2210 978 2286 comprimit

133 2288 264 2347 conchas.
307 2287 354 2346 Sic
372 2288 571 2345 dissimillimis
587 2288 716 2346 bestiolis
732 2290 924 2346 communiter
940 2290 978 2346 ci-

134 2368 188 2425 bus
209 2368 361 2446 quaeritur.
406 2374 471 2426 124.
495 2368 529 2424 In
551 2387 608 2445 quo
630 2368 829 2425 admirandum
852 2375 895 2426 est
912 2388 979 2426 con·

134 2467 269 2524 gressune
285 2448 382 2525 aliquo
396 2448 472 2505 inter
488 2468 517 2505 se
535 2468 570 2505 an
585 2448 642 2504 iam
657 2448 725 2506 inde
741 2448 777 2505 ab
795 2455 860 2505 ortu
876 2455 979 2506 natura

135 2530 197 2605 ipsa
210 2535 399 2606 congregatae
410 2527 476 2585 sint.
512 2527 565 2585 Est
576 2528 662 2586 etiam
677 2528 829 2585 admiratio
844 2547 901 2585 non
917 2528 979 2586 nul-

132 2607 162 2664 la
178 2609 208 2665 in
225 2607 325 2666 bestiis
341 2606 514 2684 aquatilibus
528 2608 571 2679 iis,
585 2627 656 2685 quae
673 2609 833 2684 gignuntur
849 2608 879 2664 in
894 2615 977 2680 terra,

134 2687 222 2746 veluti
237 2686 372 2746 crocodili
386 2686 594 2765 fluviatilesque
608 2689 767 2745 testudines
782 2688 979 2765 quaedamque

135 2776 280 2844 serpentes
301 2774 380 2825 ortae
401 2773 481 2824 extra
501 2786 613 2844 aquam,
626 2768 710 2824 simul
727 2787 759 2825 ac
776 2768 902 2844 primum
924 2769 979 2826 niti

135 2853 264 2922 possunt,
276 2866 380 2924 aquam
397 2855 613 2925 persequuntur.
656 2846 733 2915 Quin
755 2848 842 2905 etiam
861 2855 979 2905 anatum

136 2945 190 2981 ova
200 2925 313 3002 gallinis
324 2947 406 3004 saepe
421 2927 618 3004 supponimus,
629 2946 644 2984 e
660 2927 763 3003 quibus
774 2927 845 3004 pulli
857 2929 913 2985 orti
924 2929 980 3005 pri-

136 3023 215 3060 mum
234 3003 348 3062 aluntur
365 3006 460 3063 abhis
477 3013 509 3063 ut
526 3026 543 3063 a
559 3005 735 3077 matribus,a
752 3007 856 3085 quibus
873 3009 979 3066 exclusi

136 3082 250 3158 fotique
271 3091 346 3154 sunt,
362 3085 465 3143 deinde
487 3105 534 3143 eas
550 3086 716 3162 relinquunt
733 3094 762 3143 et
779 3088 923 3164 effugiunt
940 3107 980 3146 se

138 3167 265 3236 quantes,
274 3181 339 3219 cnm
350 3165 476 3239 primum
487 3185 588 3242 aquam
602 3166 682 3241 quasi
690 3167 846 3224 naturalem
859 3168 978 3226 domum
