2242 3436
136 135 184 182 128
357 131 407 180 Du
423 130 573 182 NATURA
589 131 751 182 DEORUM.

136 234 214 291 diam
231 240 378 310 ceteraque
395 232 480 291 huius
496 233 578 290 modi
594 252 688 290 rerum
706 233 765 290 vim
779 232 883 292 habere
901 233 979 293 vide·

128 333 208 406 mus,
220 333 279 370 non
293 313 420 370 deorum.
458 313 521 370 Aut
534 313 611 370 enim
626 313 656 370 in
671 312 815 370 nobismet
829 315 945 372 insunt
937 335 980 392 rp-

136 395 183 466 sis,
194 401 228 451 ut
241 413 331 464 mens,
343 400 376 451 ιιι
389 391 468 463 fides,
481 399 514 450 ut
528 412 629 470 spes,u
611 393 756 462 utvirtus,
768 400 801 449 ut
815 395 977 466 concordia,

136 481 186 531 aut
195 472 337 550 optandae
345 471 429 529 nobis
438 479 513 542 sunt
521 491 541 528 ιι
542 472 663 543 honor,
672 479 705 528 ut
714 472 824 543 salus,
825 473 978 531 tviotoria:

136 573 255 631 quarum
266 571 361 611 rerum
372 559 404 609 ut
392 551 480 609 tilitat
468 559 527 609 tem
537 551 630 642 vide0,
640 551 725 608 video
736 551 823 608 etiam
833 571 980 610 conseera-

135 640 166 691 ta
175 633 339 690 simulacra
355 631 571 708 quareautem
563 649 593 688 ιιι
602 630 683 688 lus
656 650 699 688 ιιι
708 630 844 688 deorum
836 631 978 688 rns1ttum

135 712 309 789 intellegam,
319 730 385 769 oum
399 729 568 787 cognovero.
603 709 709 778 Quom
720 729 824 802 genere
834 710 878 768 vel
889 711 980 767 maxi·

135 812 182 851 me
193 800 237 850 est
247 792 373 849 Fortuna
382 790 566 862 numeranda,
577 809 662 866 quam
673 809 760 847 nemo
771 789 824 846 ab'
816 797 979 847 inconstan-

135 873 177 931 tia
190 880 220 930 et
232 872 393 929 temeritate
408 871 546 947 seiunget,
558 889 629 946 quae
644 869 732 945 digna
746 875 822 927 certe
836 889 894 926 nou
909 878 979 926 sunt

136 952 199 1010 deo,
234 957 280 1008 62.
297 950 358 1007 lam
370 970 436 1008 vero
447 950 517 1027 quid
526 969 577 1006 vos
585 949 634 1006 illa
643 949 766 1007 delectat
775 949 927 1026 explicatio
937 950 980 1006 fa-

135 1029 621 1089 bularumetenodationominuml
651 1027 980 1087 ExseotumafilioCae·

135 1111 204 1180 lum,
215 1112 343 1168 vinetum
351 1109 454 1167 itidem
465 1129 482 1166 a
492 1108 551 1166 filio
561 1108 731 1170 Saturnum:
749 1108 819 1166 haee
830 1116 859 1166 et
868 1108 923 1166 alia
931 1129 980 1185 ge·

135 1192 210 1249 neris
224 1191 351 1248 eiusdem
365 1209 417 1247 vos
430 1189 472 1246 ita
485 1188 649 1259 defenditis,
665 1194 699 1245 ut
712 1188 741 1260 ii,
759 1189 808 1265 qui
822 1189 878 1246 ista
891 1188 979 1246 finxe-

135 1278 210 1340 runt,
226 1289 285 1327 non
302 1270 390 1326 modo
407 1288 466 1326 non
481 1269 582 1337 insani,
595 1269 644 1326 sed
659 1268 746 1325 etiam
763 1268 851 1326 fuisse
868 1269 979 1346 sapion-

134 1357 178 1408 tes
191 1350 349 1408 videantur.
388 1349 423 1406 In
438 1348 596 1406 enodandis
610 1355 706 1406 autem
718 1348 884 1406 nominibus
899 1349 978 1425 quod

134 1430 328 1487 miserandum
345 1429 383 1486 sit
396 1427 539 1486 laboratis.
582 1428 730 1497 Saturnus,
744 1429 810 1504 quia
824 1447 854 1486 se
869 1434 979 1486 saturat

134 1511 224 1582 annis,
241 1509 363 1581 Mavors,
379 1509 446 1586 quia
462 1527 567 1584 magua
582 1508 676 1577 vertit,
693 1507 829 1579 Minerva,
843 1509 910 1585 quia
925 1508 979 1565 mi·

135 1591 199 1648 nuit
215 1597 265 1647 aut
282 1590 350 1667 quia
366 1590 499 1660 minatur,
512 1588 619 1658 Venus,
636 1588 703 1665 quia
719 1588 799 1646 vonit
816 1589 853 1645 ad
870 1589 976 1659 omnia,

134 1669 251 1728 Ceresa
264 1668 398 1747 gerendo.
438 1668 531 1738 Quam
542 1668 701 1746 periculosa
711 1669 904 1728 consuetudo!
942 1669 978 1726 In
1046 1697 1052 1708 ·

134 1751 233 1808 multis
250 1750 327 1808 euim
341 1749 507 1807 nominibus
520 1749 681 1807 haerebitis.
724 1748 803 1817 Quid
816 1749 922 1807 Veiovi
935 1751 979 1809 fa·

134 1831 199 1901 oieS,
212 1829 282 1906 quid
293 1828 442 1887 Volcanol
464 1848 646 1906 quamquam,
659 1830 795 1905 quoniam
807 1829 978 1906 Neptunum

134 1929 152 1966 a
167 1909 263 1966 nando
280 1907 454 1985 appellatum
472 1916 564 1985 putas,
576 1908 686 1965 nullum
704 1909 759 1965 erit
774 1927 880 1966 nomen
898 1911 979 1986 quod

135 2007 192 2045 non
206 1989 299 2065 possis
309 2007 367 2045 una
376 1987 410 2045 lit
398 1995 472 2046 ttera
485 1988 625 2060 explicare
639 1987 715 2044 unde
727 1987 845 2045 ductum
857 1989 902 2045 sit.
943 1989 979 2047 In

135 2087 192 2144 quo
207 2068 323 2145 quidem
334 2069 427 2145 magis
441 2075 473 2125 ιιι
487 2068 620 2125 mihit
570 2074 620 2124 nat
621 2086 668 2124 are
682 2067 760 2124 visus
774 2087 803 2124 es
818 2087 903 2145 quam
915 2068 978 2145 ipse

134 2148 295 2225 Neptunus.
338 2153 384 2204 63.
408 2148 542 2240 Magnam
560 2147 671 2204 molest'
651 2154 722 2204 tram
739 2148 864 2223 suscepit
881 2154 911 2205 et
924 2150 978 2206 nri-

134 2227 211 2284 nime
222 2228 406 2286 necessariam
422 2229 532 2304 primus
546 2227 631 2298 Zeno,
644 2234 711 2303 post
725 2225 827 2284 Cleant
815 2227 886 2297 thes,
899 2227 979 2286 dein·

135 2307 171 2364 de
191 2306 379 2385 Chrysippus,
397 2307 662 2364 commenticiarum
678 2306 841 2364 fabularum
858 2307 978 2366 reddere

134 2387 283 2459 rationem,
299 2386 501 2445 vocabulorum
523 2406 574 2444 cur
594 2386 749 2463 quidque
742 2394 765 2445 ι
766 2406 783 2444 ι
801 2385 977 2463 appellatum

135 2467 172 2524 sit
186 2487 285 2524 causas
299 2466 445 2543 explicare.
484 2466 570 2535 Quod
584 2485 650 2523 eum
664 2466 768 2536 facitis,
781 2465 854 2523 illud
867 2467 980 2543 profec-

133 2553 165 2604 to
183 2545 368 2617 confitemini,
381 2545 466 2623 longe
483 2546 565 2602 aliter
581 2565 611 2602 se
627 2565 688 2603 rem
705 2545 809 2604 habere
826 2551 912 2622 atque
926 2545 980 2604 ho-

133 2627 246 2683 minum
264 2627 362 2702 opinio
380 2626 433 2682 sit:
455 2644 504 2683 eos
520 2625 606 2696 enim,
622 2626 672 2702 qui
689 2625 720 2683 di
737 2625 924 2703 appellantur,
937 2644 981 2683 re-

134 2726 198 2762 rum
215 2712 331 2762 naturas
347 2723 415 2775 esse,
431 2723 489 2761 non
506 2703 611 2780 figuras
628 2705 756 2762 deorum.
798 2704 896 2762 XXV.
920 2703 981 2773 Qui

134 2792 232 2842 tantus
244 2802 321 2840 error
330 2783 396 2852 fuit,
406 2789 439 2839 ιιι
450 2784 617 2859 perniciosis
628 2784 714 2842 etiam
725 2784 810 2842 rebus
818 2803 877 2841 non
888 2785 980 2842 modo

135 2882 241 2920 nomen
255 2862 375 2918 deorum
388 2861 568 2933 tribueretur,
581 2863 631 2920 sed
645 2871 674 2920 et
662 2865 732 2920 tiam
748 2883 825 2921 saera
839 2864 982 2922 constitu-

136 2948 216 2998 erent
217 2959 258 2997 ur.
301 2940 397 2997 Febris
414 2941 490 2997 enim
507 2907 630 2999 fauirm
623 2962 653 2998 ιιι
668 2943 759 3000 Palat'
739 2951 780 3000 ιιο
798 2949 828 3001 et
843 2942 982 3002 Orbonae

136 3020 174 3076 ad
190 3019 290 3076 aedem
308 3017 411 3076 Larum
433 3027 462 3076 ot
478 3039 556 3076 aram
574 3020 665 3079 Malae
683 3022 751 3080 Fort
739 3030 825 3080 tunae
841 3021 982 3099 Esquiliis

137 3103 328 3156 consecratam
344 3098 481 3156 videmus.
521 3105 567 3157 64.
586 3100 758 3160 Omnist
704 3103 758 3176 rgit
759 3122 793 3159 ιιι
806 3101 871 3159 talis
885 3121 903 3158 a
916 3103 984 3178 phi-

137 3175 265 3252 losophis
282 3176 368 3252 pellat
371 3197 404 3234 ur
420 3197 505 3247 error,
517 3185 549 3234 ιιι
551 3199 636 3248 ,oum
652 3180 689 3236 de
706 3180 751 3238 dis
767 3181 983 3240 immortalibus
