2220 3432
57 125 59 129 '
135 119 168 164 50
359 113 409 162 DE
425 114 576 164 NATURA
592 115 753 166 DEORUM.

134 217 216 294 equis
230 235 359 293 pugnare
374 216 426 272 visi
442 224 509 274 sunt
523 223 552 273 et
566 218 723 275 recentiore
738 219 876 276 memoria
891 219 982 276 iidem

134 296 317 373 Tyndaridae
338 295 445 353 Persen
465 296 573 353 victum
593 298 806 357 nuntiaverunt.
851 301 884 358 P.
900 302 980 359 enim

134 377 278 445 Vatinius,
291 395 360 432 avus
374 374 460 432 huius
477 375 674 448 adulescentis,
687 396 752 434 eum
771 397 786 435 e
800 378 982 454 praefectura

135 457 256 514 Reatina
265 455 387 512 Romam
396 455 522 513 venienti
532 463 620 514 noctu
631 456 689 513 duo
699 458 815 515 iuvenes
824 477 889 514 cum
899 459 982 534 equis

134 537 206 594 albis
221 536 361 593 dixissent
375 554 472 612 regem
487 535 593 593 Persen
606 535 655 593 illo
670 536 716 594 die
730 544 856 614 captum,
868 539 981 595 senatui

135 618 287 689 nuntiavit,
300 624 328 675 ct
338 615 432 692 primo
444 616 525 692 quasi
536 623 643 674 temere
654 616 690 674 de
702 636 730 674 rc
741 617 857 695 publica
868 616 982 675 locutus

135 697 165 754 iu
180 715 319 754 carcerem
335 696 481 753 coniectus
496 703 547 765 est,
557 704 624 773 post
638 716 655 753 a
669 697 771 754 Paullo
786 697 888 755 litteris
905 699 982 754 adla-

134 777 181 847 tis,
188 795 254 834 cum
264 774 341 833 idem
354 775 415 833 dics
429 776 612 848 constitisset,
623 785 652 834 ct
663 796 732 855 agro
747 797 764 835 a
781 785 880 835 senatu
895 788 924 835 et
936 799 982 835 va-

135 856 247 914 catione
259 854 382 912 donatus
392 863 442 913 est.
474 856 573 933 Atque
585 858 671 914 ctiam
681 877 745 915 cum
756 858 793 915 ad
802 858 920 915 fluvium
932 857 982 915 Sa-

135 955 217 1014 gram
233 935 416 994 Crotoniatas
430 935 513 994 Lceri
528 937 656 994 maximo
670 938 781 1014 proelio
799 938 980 1008 devicissent,

135 1036 170 1073 eo
181 1016 244 1093 ipso
255 1016 302 1073 dic
313 1016 442 1073 auditam
453 1036 514 1074 csse
526 1036 588 1074 eam
600 1037 728 1096 pugnam
740 1018 816 1076 ludis
826 1018 981 1096 Olympiae

135 1096 289 1154 memoriae
304 1097 452 1172 proditum
467 1105 518 1155 cst.
557 1097 648 1175 Saepe
663 1098 825 1156 Faunorum
837 1117 921 1156 voces
935 1119 982 1156 ex-

135 1176 258 1248 auditae,
268 1195 352 1253 saepe
362 1177 438 1234 visae
452 1178 563 1236 formae
578 1178 697 1236 deorum
714 1180 843 1256 quemvis
857 1199 915 1236 non
930 1187 982 1236 aut

135 1255 268 1314 hebetem
288 1264 338 1313 aut
356 1257 478 1335 impium
499 1258 568 1316 deos
587 1267 750 1336 praesentes
769 1257 829 1317 ess'c
850 1259 982 1317 confiteri

135 1343 300 1413 coegerunt.
343 1336 397 1395 ΙΙΙ.
425 1339 450 1396 7.
466 1339 683 1397 Praedictiones
697 1359 764 1397 vero
781 1346 810 1398 ct
826 1340 982 1417 praesensi-

137 1437 205 1474 ones
222 1436 315 1474 rerum
334 1418 495 1476 futurarum
514 1419 584 1496 qnid
601 1419 680 1477 aliud
697 1419 841 1478 declarant
857 1418 913 1477 nisi
931 1420 982 1476 ho

136 1496 263 1554 minibus
280 1517 313 1555 ea
330 1493 415 1576 [quae
432 1497 503 1577 sint]
522 1500 644 1571 ostendi,
660 1501 822 1571 monstrari,
833 1500 979 1577 portendi,

135 1577 259 1653 praedici
270 1579 280 1635 l
301 1598 334 1636 cx
351 1599 407 1656 quo
422 1579 471 1636 illa
486 1586 606 1651 ostenta,
617 1588 753 1653 monstra,
764 1588 906 1657 portenta,
917 1599 981 1657 pro·

136 1657 216 1733 digia
225 1658 368 1716 dicuutur.
408 1658 493 1728 Quod
504 1661 528 1717 si
540 1680 573 1718 ea
583 1661 650 1718 ficta
661 1661 804 1719 credimus
814 1661 930 1718 licentia
939 1661 981 1717 fa-

137 1736 276 1808 bularum,
292 1738 435 1815 Mopsum,
448 1737 594 1813 Tiresiam,
609 1740 828 1819 Amphiaraum,
844 1740 981 1798 Calchan·

137 1825 204 1889 tem,
217 1817 370 1891 Helenum,
384 1838 456 1896 quos
470 1827 567 1878 tamen
581 1841 703 1899 augures
719 1841 755 1880 ne
770 1823 848 1899 ipsae
863 1821 980 1899 quidem

137 1896 250 1954 fabulae
267 1898 440 1969 ascivissent,
453 1900 476 1957 si
493 1920 537 1958 res
555 1903 674 1961 omnino
691 1902 862 1979 repudiaret,
878 1921 914 1959 ne
931 1901 981 1958 do·

137 1977 263 2034 mesticis
277 1978 394 2054 quidem
409 1981 546 2058 exemplis
562 1980 640 2040 docti
651 2001 759 2039 numen
771 1982 889 2040 deorum
904 2001 981 2039 eom·

137 2055 342 2134 probabimus?
382 2059 462 2116 Nihil
478 2081 530 2118 nos
545 2061 578 2120 P.
590 2061 704 2120 Claudii
715 2061 790 2120 bello
801 2062 914 2120 Punico
925 2062 981 2138 pri·

138 2156 186 2193 nro
197 2137 342 2195 temeritas
356 2139 491 2213 movebit,
501 2141 550 2217 qui
566 2142 653 2199 etiam
664 2162 716 2221 per
725 2143 821 2201 iocum
837 2142 907 2200 deos
921 2142 981 2199 irri-

138 2217 216 2287 dens,
225 2236 290 2275 cum
306 2237 391 2276 cavea
405 2219 516 2278 liberati
527 2222 599 2298 pulli
614 2241 673 2280 non
687 2231 878 2300 pascerentur,
888 2223 981 2300 mergi

138 2315 187 2353 cos
204 2297 233 2353 in
250 2317 353 2375 aquam
370 2300 461 2372 iussit,
477 2308 510 2358 ut
527 2301 665 2375 biberent,
682 2303 817 2380 quoniam
840 2321 900 2360 csse
920 2302 981 2359 nol-

138 2376 216 2434 leutl
256 2376 313 2446 Qui
329 2380 402 2437 risus
418 2380 507 2439 classe
524 2381 636 2440 devicta
651 2382 758 2440 multas
771 2383 827 2459 ipsi
841 2381 979 2452 lacrimas,

137 2476 271 2534 magnam
283 2459 391 2536 populo
403 2459 535 2519 Romano
547 2461 657 2520 cladem
668 2462 773 2520 attulit.
812 2461 907 2532 Quid?
925 2463 981 2520 eol-

138 2536 201 2614 lega
215 2538 275 2595 cius
293 2538 393 2598 Iunius
408 2540 509 2599 eodem
524 2543 600 2600 bello
617 2562 714 2600 nonne
724 2550 896 2619 tempestate
913 2542 981 2600 clas-

138 2636 198 2673 sem
207 2618 311 2688 amisit,
319 2639 384 2676 cum
395 2622 529 2698 auspiciis
538 2642 596 2680 non
604 2623 761 2700 paruissetl
788 2622 981 2700 ltaqueOlau-

137 2696 202 2754 dius
211 2699 344 2775 apopulo
356 2701 563 2780 condemnatus
574 2711 625 2772 est,
634 2703 734 2760 Iunius
745 2722 843 2761 necem
856 2702 981 2780 sibiipsa

138 2776 284 2836 conscivit.
325 2786 350 2837 8.
370 2780 402 2838 Ο.
413 2781 586 2839 Flaminium
598 2783 711 2840 Caelius
723 2783 860 2860 religione
872 2782 982 2860 neglec-

137 2861 167 2911 ta
175 2856 310 2915 cecidisse
319 2860 396 2937 apud
405 2860 633 2920 Trasumennum
642 2862 740 2920 scribit
748 2882 812 2920 cum
824 2882 930 2940 magno
939 2863 982 2920 rei

137 2933 269 3010 publicae
281 2939 403 2997 vulnere.
446 2940 575 3009 Quorum
590 2943 679 3000 exitio
689 2943 817 3020 intellegi
828 2949 926 3020 potest
937 2962 982 3000 eo

138 3031 201 3069 rum
213 3013 341 3092 imperiis
355 3021 571 3098 rempublicam
586 3021 797 3099 amplificatam,
809 3024 858 3100 qui
868 3022 982 3099 religio·

138 3092 224 3149 nibus
232 3096 398 3169 paruissent.
438 3100 483 3171 Et,
493 3102 515 3157 si
525 3102 654 3159 conferre
663 3101 795 3159 volumus
806 3109 904 3159 nostra
915 3121 981 3159 cnm

139 3174 272 3242 externis,
284 3177 385 3233 ceteris
401 3178 484 3236 rebus
501 3190 551 3238 aut
565 3201 646 3258 pares
662 3182 814 3239 autetiam
830 3182 982 3239 inferiores
