2224 3446
371 119 776 186 caurum-xvimam.
947 122 995 168 aas

153 223 220 281 bera
234 230 285 280 est.
329 227 374 280 34.
398 221 521 290 Quodsi
535 221 708 280 concedatur
721 221 793 278 nihil
805 241 888 299 posse
903 223 996 278 eveni-

152 323 183 361 re
199 303 255 360 nisi
271 322 356 360 causa
371 301 564 373 antecedente,
578 302 648 378 quid
661 301 834 378 proficiatur,
847 302 871 357 si
886 321 919 359 ea
932 321 996 359 cau·

153 403 184 440 sa
197 402 255 439 non
271 402 305 440 ex
316 383 438 440 aeternis
448 383 540 439 causis
551 392 619 460 apta
628 382 758 440 dicaturl
795 381 889 439 Causa
899 389 995 439 autem

153 483 186 521 ea
200 470 250 534 est,
262 481 334 540 quae
350 462 381 519 id
395 461 490 533 efficit,
503 463 583 519 cuius
597 469 640 520 est
654 481 746 533 causa,
758 467 791 519 ut
805 462 908 519 vulnus
920 482 995 520 mor-

152 543 198 614 tis,
219 543 344 600 eruditas
365 542 469 613 morbi,
489 543 566 618 ignis
588 542 704 600 ardoris.
747 541 848 619 Itaque
870 562 929 600 non
954 543 994 600 sic

152 643 237 680 eausa
250 621 378 700 intellegi
388 621 483 694 debet,
493 629 533 693 ut,
547 622 625 700 quod
636 623 738 700 cuique
753 622 910 694 antecedat,
922 622 954 679 id
967 624 993 680 ei
1081 639 1084 646 ·

152 723 237 761 causa
253 703 299 774 eit,
312 703 362 760 sed
379 702 457 780 quod
471 702 574 780 cuique
590 701 745 761 efficienter
761 704 919 774 antecedat,
931 722 992 773 nee,

153 783 230 860 quod
247 783 278 840 in
295 802 428 859 eampum
446 782 650 854 descenderim,
665 783 697 840 id
713 783 802 842 fuisse
823 803 923 841 causae
944 803 994 840 cur

133 869 135 873 ’
151 863 210 940 pila
231 863 366 933 luderem,
383 881 435 920 nec
452 861 603 920 Hecubam
620 882 734 920 causam
751 863 884 922 interitus
904 863 993 920 fuisse

151 942 290 1015 Troianis,
307 943 385 1021 quod
405 942 601 1000 Alexandrum
622 943 762 1019 genuerit,
777 963 830 1002 neo
851 943 995 1020 Tyndare-

78 1037 81 1042 ’
151 1043 201 1080 um
220 1021 443 1099 Agamemnoni,
460 1023 538 1100 quod
557 1022 786 1099 Clytemestram.
828 1023 895 1080 Hoc
916 1023 993 1080 enim

151 1103 239 1160 modo
260 1103 353 1160 viator
374 1122 488 1180 quoque
504 1103 577 1160 bene
597 1103 718 1160 vestitus
738 1123 823 1162 causa
841 1103 994 1180 grassatori

150 1183 240 1241 fuisse
264 1183 375 1240 dicetur
397 1202 447 1240 cur
469 1182 505 1240 ab
528 1203 562 1240 co
585 1183 761 1258 spoliaretur.
805 1189 851 1240 35.
873 1183 917 1240 Ex
938 1183 994 1239 hoc

150 1283 254 1340 genere
267 1263 339 1322 illud
353 1269 396 1320 est
410 1263 513 1320 Ennii:

280 1391 383 1441 Utinam
396 1405 427 1439 ne
439 1391 464 1438 in
475 1405 577 1440 nemore
588 1391 659 1440 Pelio
671 1391 798 1440 securibus

281 1457 362 1507 Caesa
372 1456 502 1506 accidisset
512 1457 617 1518 abiegna
627 1457 660 1506 ad
671 1466 762 1506 terram
775 1457 868 1505 trabes!

151 1585 246 1643 Licuit
262 1585 306 1644 vel
321 1585 407 1644 altius
422 1585 571 1644 “Utinam
585 1605 622 1642 ne
636 1587 667 1642 in
681 1585 763 1642 Pelio
777 1591 845 1642 nata
861 1584 919 1641 ulla
932 1602 994 1640 um-

152 1685 238 1743 quam
260 1673 335 1723 esset
351 1661 474 1724 arborl’'
493 1667 580 1724 etiam
598 1685 683 1742 supra
701 1665 849 1724 “Utinam
866 1683 902 1721 nc
918 1670 994 1720 esset

150 1765 235 1803 mons
252 1745 326 1803 ullus
342 1745 440 1803 Pelius
450 1744 481 1802 !”
501 1746 688 1823 similiterque
705 1745 850 1822 superiora
865 1751 994 1821 repeten-

150 1833 210 1883 tem
224 1825 335 1904 regredi
349 1824 461 1885 infinite
475 1825 550 1883 licet.

280 1939 350 2002 Neve
362 1951 419 2002 inde
430 1952 501 2002 navis
512 1951 645 2001 incohandi
657 1951 789 2001 exordium

280 2017 415 2081 coepisset.

150 2135 293 2206 Quorsum
307 2135 377 2193 haec
391 2135 564 2213 praeteritet
604 2133 680 2204 Quia
693 2135 822 2212 sequitur
836 2134 924 2192 illud:

197 2266 263 2315 Num
276 2279 412 2328 numquam
424 2279 466 2314 era
479 2279 563 2314 errans
575 2279 631 2313 mea
643 2264 717 2312 domo
728 2264 831 2313 ecferret
842 2264 938 2327 pedem,

199 2331 298 2392 Medea,
308 2332 391 2380 animo
403 2345 484 2392 aegra,
495 2345 579 2379 amore
590 2344 663 2379 saevo
675 2329 766 2391 saucia,

149 2479 207 2517 non
223 2466 256 2517 ut
270 2478 320 2517 eae
333 2478 377 2516 res
388 2477 502 2516 cansam
517 2457 662 2515 adferrent
676 2456 789 2513 amoris.

189 2539 273 2598 XVI.
327 2544 373 2596 36.
403 2538 543 2596 Interesse
571 2545 667 2595 autem
695 2537 784 2606 aiunt,
806 2543 902 2593 utrum
931 2535 993 2593 eius

149 2619 231 2676 modi
248 2619 319 2696 quid
335 2619 380 2690 sit,
396 2618 457 2675 sine
475 2638 532 2694 quo
549 2617 658 2694 aliquid
675 2615 749 2674 effici
765 2635 824 2674 non
841 2616 940 2692 possit,
956 2635 993 2672 an

150 2700 212 2757 eius
227 2699 318 2770 modi,
331 2717 389 2775 quo
406 2698 515 2774 aliquid
532 2697 604 2754 effici
622 2715 736 2754 necesse
752 2696 797 2754 sit.
841 2694 927 2753 Nulla
940 2696 994 2772 igi-

150 2786 198 2836 tur
214 2798 311 2836 earum
328 2787 372 2835 est
388 2797 480 2848 eausa,
493 2777 630 2854 quoniam
647 2776 725 2833 nulla
742 2795 804 2833 eam
821 2795 881 2833 rem
899 2795 950 2832 sua
964 2775 993 2832 vi

150 2859 245 2930 efficit,
257 2859 339 2916 cuius
354 2858 460 2915 dicitur
474 2876 566 2928 causa,
578 2876 631 2914 nee
645 2856 683 2927 id,
696 2857 756 2913 sine
771 2875 829 2932 quo
843 2855 992 2932 quippiam

150 2958 209 2995 non
223 2938 264 3008 fit,
277 2957 361 2996 cauea
375 2946 426 3008 cst,
439 2937 490 2994 sed
500 2937 539 3008 id,
552 2936 631 3014 quod
645 2956 709 2994 cum
724 2936 850 3007 accessit,
863 2935 902 3005 id,
912 2935 993 2992 cuius

150 3038 234 3076 cauea
248 3025 299 3088 est,
312 3016 398 3075 efficit
412 3018 579 3074 necessario,
621 3015 759 3073 Nondum
775 3016 852 3073 enim
867 3015 991 3072 ulcerato

151 3098 290 3176 serpentis
307 3117 404 3154 morsu
418 3096 590 3167 Philocteta,
603 3112 675 3172 quae
692 3115 776 3152 causa
790 3096 819 3151 in
833 3114 928 3153 rerum
944 3114 993 3151 na·

149 3186 215 3236 tura
229 3177 436 3246 continebatur,
448 3177 511 3234 fore
526 3184 558 3235 ut
572 3177 596 3233 is
610 3177 640 3233 in
655 3175 747 3232 insula
761 3175 869 3234 Lemno
883 3175 992 3252 linque·
