2220 3432
102 64 134 110 aa
325 57 543 110 nouercae
557 57 720 110 nnonuur.
804 31 806 36 ’

102 162 173 219 vitio
185 167 295 218 creatos
303 160 433 218 consules
442 179 510 218 esse.
538 159 673 238 Augures
681 178 742 218 rem
752 160 787 218 ad
797 167 946 220 senatum:

103 248 225 312 senatus,
233 248 267 298 ut
277 240 442 298 abdicarent
453 240 596 298 consules:
615 239 825 299 abdicaverunt.
865 241 946 310 Quae

103 322 265 398 quaerimus
282 319 411 397 exempla
428 321 552 378 maioral
589 320 643 378 Vir
660 321 887 397 sapientissimus
904 329 946 378 at-

103 421 158 479 que
172 401 250 458 haud
265 401 350 458 sciam
370 420 405 457 au
423 400 554 458 omnium
570 401 831 477 praestantissimus
848 421 946 478 pecca-

102 490 166 538 tum
183 501 275 552 suum,
288 480 366 558 quod
383 479 467 537 celari
481 487 587 556 posset,
598 479 728 538 confiteri
742 481 843 538 maluit
858 501 946 558 quam
1034 479 1044 490 “

102 561 217 619 haerere
231 562 261 617 in
275 580 305 618 re
319 560 434 637 publica
447 560 633 636 religionem:
655 561 785 619 consules
799 581 945 618 summum

102 641 255 718 imperium
273 641 370 698 statim
388 640 531 717 deponere
549 659 634 718 quam
649 641 680 698 id
694 647 790 699 tenere
804 648 946 718 punctum

102 721 241 796 temporis
250 727 350 778 contra
358 720 534 797 religionem.
566 720 947 798 12.Magnaaugurumauc-

103 802 212 859 toritas.
251 799 345 868 Quidl
361 800 544 877 haruspicum
554 819 598 858 ars
607 819 703 858 noune
712 801 827 859 divinat
864 801 946 858 Haec

102 880 322 938 innumerabilia
335 900 370 938 ex
384 880 485 938 eodem
500 899 603 957 genere
615 881 665 958 qui
675 881 779 952 videat,
789 900 885 939 nonne
900 901 947 939 co-

103 968 187 1036 gatur
201 959 331 1018 confiteri
341 960 410 1018 deos
424 962 503 1018 esset
540 960 669 1028 Quorum
684 962 762 1018 enim
775 962 946 1039 interpretes

104 1049 178 1112 suut,
190 1060 238 1098 eos
249 1041 327 1118 ipsos
341 1060 401 1098 esse
416 1047 491 1098 certe
505 1060 618 1098 necesse
632 1049 692 1098 est:
714 1042 834 1099 deorum
848 1050 945 1099 autem

104 1122 273 1197 interpretes
284 1127 358 1191 sunt,
366 1120 435 1178 deos
443 1121 532 1196 igitur
542 1141 602 1178 esse
611 1121 761 1180 fateamur,
793 1121 835 1180 At
844 1123 947 1180 fortas·

104 1221 133 1258 se
148 1220 206 1256 non
221 1201 318 1258 omnia
332 1201 475 1272 eveniunt,
486 1220 558 1277 quae
569 1201 715 1277 praedicta
729 1208 803 1259 sunt.
843 1202 888 1259 Ne
902 1222 947 1260 ae-

103 1282 148 1358 gri
160 1281 276 1358 quidem
292 1281 431 1358 quianon
446 1300 545 1338 omnes
560 1281 768 1352 convalescunt,
779 1282 885 1340 idcirco
901 1302 947 1339 ars

103 1360 182 1418 nulla
195 1361 338 1420 medicina
352 1368 402 1418 est.
444 1360 533 1438 Signa
549 1361 740 1419 ostenduntur
755 1382 773 1418 a
789 1363 834 1420 dis
850 1382 946 1419 rerum

104 1443 273 1499 futurarum.
315 1441 350 1499 In
361 1441 407 1498 his
421 1440 445 1498 si
457 1442 506 1518 qui
517 1448 687 1512 erraverunt,
698 1461 757 1499 non
768 1442 887 1500 deorum
899 1462 948 1500 na-

104 1531 176 1594 tura,
187 1521 237 1580 sed
248 1521 399 1579 hominum
410 1522 574 1579 coniectura
583 1522 720 1598 peccavit.
759 1521 861 1599 Itaque
872 1523 947 1581 inter

105 1621 205 1660 omnes
219 1603 350 1659 omnium
364 1602 494 1678 gentium
512 1621 624 1658 summa
641 1608 760 1660 constat.
803 1602 947 1660 Omnibus

105 1683 182 1740 enim
196 1682 327 1738 innatum
342 1690 385 1738 est
400 1681 472 1738 etin
486 1682 583 1738 auimo
599 1683 679 1758 quasi
692 1681 867 1760 insculptum
886 1703 947 1741 esse

105 1763 182 1819 deos.
220 1761 257 1818 V.
282 1767 328 1818 13.
347 1759 450 1828 Quales
461 1761 519 1818 sint
529 1761 637 1818 varium
650 1771 710 1820 est:
731 1782 792 1820 esse
803 1783 888 1821 nemo
900 1783 948 1820 ne·

105 1849 162 1918 gat.
198 1840 351 1898 Cleanthes
362 1841 478 1917 quidem
488 1849 586 1899 noster
594 1849 730 1919 quattuor
739 1843 775 1900 de
786 1844 878 1900 causis
887 1844 949 1901 dix-

104 1923 129 1978 it
140 1922 170 1978 in
185 1920 287 1978 animis
299 1920 448 1978 hominum
462 1921 631 1980 informatas
644 1923 762 1980 deorum
780 1943 840 1981 esse
855 1923 949 1981 notio·

105 2021 163 2059 nes.
206 2000 334 2058 Primam
351 2002 448 2078 posuit
465 2021 536 2073 eam,
549 2002 585 2060 de
607 2022 663 2080 qua
683 2004 772 2061 modo
793 2004 862 2072 dixi,
875 2022 948 2081 quae

106 2089 169 2139 orta
179 2087 253 2138 esset
263 2100 298 2138 ex
308 2082 506 2157 praesensione
518 2101 612 2139 rerum
623 2083 802 2142 futurarum:
819 2084 946 2153 alteram,

107 2181 192 2239 quam
207 2161 365 2238 ceperimus
379 2181 414 2218 ex
427 2162 626 2238 magnitudine
637 2164 863 2235 commodorum,
875 2183 948 2241 quae

105 2241 303 2319 percipiuntur
316 2241 386 2299 caeli
397 2242 613 2318 temperatione,
621 2243 798 2302 fecunditate
809 2251 947 2302 terrarum

94 2323 280 2398 aliarumque
301 2322 541 2379 commoditatum
562 2323 753 2400 complurium
774 2324 873 2401 copia:
901 2329 946 2381 14.

106 2402 228 2474 tertiam,
240 2421 312 2479 qnae
326 2409 443 2460 terreret
458 2403 569 2460 animos
583 2401 762 2475 fulminibus,
772 2404 949 2480 tempestati-

106 2482 167 2554 bus,
179 2482 294 2551 nimbis,
310 2481 432 2554 nivibus,
448 2482 644 2560 grandinibus
658 2484 799 2555 vastitate,
816 2484 949 2560 pestilen-

106 2563 154 2634 tia,
170 2570 261 2620 terrae
284 2561 411 2620 motibus
433 2570 463 2621 et
483 2582 567 2639 saepe
588 2563 751 2621 fremitibus
772 2563 948 2641 lapideisque

106 2642 246 2700 imbribus
263 2649 292 2700 et
306 2643 397 2719 guttis
411 2642 547 2700 imbrium
563 2644 642 2720 quasi
658 2645 790 2715 cruentis,
803 2651 866 2701 tum
880 2643 949 2700 labi·

106 2722 160 2780 bus
174 2729 224 2780 aut
237 2723 393 2799 repentinis
407 2729 546 2780 terrarum
560 2721 694 2795 hiatibus,
703 2732 764 2782 tum
776 2730 889 2800 praeter
901 2743 949 2780 na

106 2809 200 2860 turam
215 2800 367 2860 hominum
381 2802 581 2880 pecudumque
598 2804 748 2879 portentis,
759 2811 821 2861 tum
836 2803 949 2861 facibus

106 2882 175 2938 visis
189 2881 365 2953 caelestibus,
377 2890 439 2939 tum
454 2883 543 2941 stellis
557 2883 600 2954 iis,
614 2902 683 2960 quas
697 2883 799 2941 Graeci
813 2891 947 2954 cometas,

107 2961 199 3018 nostri
210 2961 386 3019 cincinnatas
396 2969 508 3033 vocant,
520 2982 591 3039 quae
602 2982 693 3039 nuper
703 2962 778 3021 bello
790 2963 948 3022 Octaviano

108 3059 275 3116 magnamm
287 3040 404 3099 fuerunt
413 3042 606 3100 calamitatum
615 3044 809 3119 praenuntiae,
817 3049 880 3100 turn
890 3043 949 3101 sole

108 3120 264 3194 geminato,
276 3119 360 3194 quod,
371 3127 404 3177 ut
418 3139 433 3177 e
448 3128 528 3197 patre
543 3121 647 3190 andivi,
660 3121 805 3180 Tuditano
819 3129 849 3180 et
859 3121 947 3198 Aqui·
