2220 3432
338 159 341 166 ,
407 107 672 157 ARGUMENTUM.
755 97 757 104 ’
930 106 962 154 li

117 221 224 270 eumque
238 213 343 266 tueatur,
355 219 419 267 quae
435 205 553 268 quoniam
570 205 657 252 mundi
671 205 836 267 principatum
852 203 893 265 (τὸ
907 202 962 266 ἡγε-

117 269 232 336 μονικὸν)
246 280 274 319 ut
286 271 312 318 iu
329 271 431 320 homine
449 286 518 319 meus
535 271 647 319 obtineat
661 279 686 317 ot
699 270 731 316 sit
744 269 783 317 rel
799 268 893 332 optima
910 283 963 315 om-

117 338 197 397 nium,
209 337 234 384 ia
252 336 299 384 heo
315 350 401 384 sensus
418 351 516 400 quoque
532 345 558 384 et
575 336 638 384 tutio
655 335 732 382 insint
749 348 849 382 necesse
866 347 926 392 esse,
939 343 964 381 et

117 403 198 451 multo
209 401 310 464 quidem
322 403 428 450 acriores
442 410 517 464 atque
532 402 646 461 maiores,
657 416 690 449 ex
703 415 752 463 qno
765 399 877 448 concludi
892 413 964 460 posse

117 467 240 516 anundum
257 481 310 516 esse
327 467 410 516 deum.
447 468 510 516 Esse
523 477 650 529 praeterea
663 466 817 514 animantem
830 464 960 519 mundum,

118 533 186 596 quod
203 541 273 580 motu
290 547 334 580 stro
352 533 452 590 cientur,
467 533 509 596 qni
527 533 565 581 vel
581 532 688 581 Platone
705 541 805 579 auctore
822 537 921 578 tautum
938 529 964 576 in

118 598 216 646 animos
235 597 315 658 eadat,
332 613 385 660 cap.
403 600 475 656 8-12,
496 597 510 656 5
531 600 621 647 23-32.
663 597 752 646 Altera
771 596 835 643 ratio
855 606 892 644 est
912 594 964 642 eius

119 663 203 711 modi:
228 663 257 710 ln
279 663 347 710 omui
368 678 449 712 rernm
467 663 621 712 institutione
640 677 693 711 esse
713 661 806 724 aliquid
824 671 962 710 extremum

118 738 195 791 atque
206 728 349 790 perfectum,
359 723 405 776 nisi
415 743 478 790 quae
489 729 526 776 vis
536 729 648 778 obsistat.
685 729 715 777 In
728 727 796 776 omni
809 727 883 787 igitur
894 733 964 772 natu-

119 793 200 842 ravel
218 794 330 841 unherso
346 809 375 841 ac
393 793 472 842 multo
489 794 564 842 etiarn
583 794 663 854 magis
679 807 780 841 necesse
798 807 851 840 esse
870 790 964 842 absolvi

119 858 215 920 aliquid
231 873 260 906 ac
278 859 369 920 perfici,
381 859 447 921 quod
462 859 530 916 nihil,
544 867 571 907 ut
585 859 609 906 in
625 859 713 907 ceteris
730 858 833 918 naturis,
845 857 965 906 obsistere

119 925 205 987 possit.
242 925 310 984 Ergo
326 939 382 972 cum
397 925 423 972 in
438 923 483 984 his,
495 939 558 986 quae
571 926 706 984 gignantur
723 939 756 972 ex
770 921 917 984 ter1a‚nilril
931 921 964 970 sit

120 989 169 1037 nisi
184 989 294 1048 nutritio,
306 989 399 1038 bestiae
413 999 539 1051 praeterea
552 1005 653 1038 sensum
668 998 693 1038 et
708 999 803 1038 motum
818 989 964 1038 habeantet

120 1055 265 1116 appetitum,
277 1055 371 1102 homini
383 1055 493 1102 additum
508 1055 584 1104 etium
598 1056 718 1104 rationem
734 1070 795 1116 esse,
808 1070 856 1118 qna
870 1053 964 1116 appeti-

116 1131 162 1168 ·tus
180 1131 303 1180 reguntur.
339 1120 382 1167 Ex
401 1135 451 1183 quo
469 1119 531 1168 effici
545 1135 599 1170 esse
615 1121 688 1169 etiam
708 1130 824 1184 quartum
837 1128 862 1169 et
875 1118 965 1167 altissi-

118 1201 190 1233 nurm
202 1185 307 1244 gradum
318 1201 411 1246 eorum,
421 1185 464 1248 qui
473 1197 561 1234 natura
571 1187 628 1234 boni
638 1187 807 1249 sapientesque
818 1186 961 1248 gignantur,

121 1251 148 1298 iu
160 1251 247 1313 quibus
260 1251 293 1298 ab
303 1251 375 1298 initio
386 1251 445 1298 insit
456 1261 524 1300 reeta
537 1260 563 1300 et
574 1263 690 1300 constans
704 1253 776 1312 ratio,
788 1267 852 1315 quae
863 1251 910 1298 deo
922 1250 965 1297 tri-

121 1315 220 1364 buenda
236 1316 275 1376 sit,
287 1316 312 1364 id
327 1323 371 1376 est,
384 1315 485 1366 mundo.
522 1318 618 1366 Eodem
634 1319 685 1366 iere
703 1316 777 1367 modo
794 1317 859 1366 effici
872 1329 925 1365 esse
940 1316 964 1362 in

119 1381 215 1429 'mundo
224 1396 346 1429 summam
356 1382 474 1431 virtutem
483 1392 508 1431 et
517 1383 671 1446 sapientiam,
683 1399 736 1445 cap.
751 1384 837 1441 12-14,
848 1379 862 1440 5
872 1382 904 1428 33
909 1382 960 1428 -39,

120 1446 171 1494 Sed
183 1446 270 1494 maruli
281 1447 411 1496 divinitate
424 1459 551 1511 perspecta
563 1450 638 1496 astris
652 1449 728 1496 etiam
742 1448 896 1495 divinitatem
912 1461 965 1494 esse

120 1511 285 1561 tribuendam.
322 1513 398 1572 Gigui
414 1514 482 1562 etaim
502 1514 550 1562 ista
567 1531 600 1563 ex
617 1513 780 1562 mobilissima
797 1522 821 1560 et
836 1511 966 1572 purissima

119 1577 228 1626 aetheris
241 1587 317 1639 purte,
330 1579 399 1626 nulla
410 1579 459 1627 alia
472 1579 586 1628 admixta
603 1588 692 1627 natura
705 1589 805 1641 totaque
819 1591 872 1625 esse
885 1576 966 1623 calida

120 1653 147 1692 et
158 1643 287 1705 pellucido.
324 1645 469 1693 Absortium
481 1655 564 1693 autem
576 1661 637 1705 esse,
649 1646 669 1692 si
681 1660 720 1693 res
733 1660 765 1692 ex
780 1645 836 1692 aiire
847 1653 916 1690 ortae
927 1657 966 1688 ru·

121 1710 216 1757 tionem
234 1709 360 1769 habereut,
373 1725 437 1774 quae
455 1711 480 1759 iu
499 1711 577 1759 multo
591 1711 688 1773 puriore
705 1710 805 1758 aethere
823 1715 963 1766 nascautur,

121 1789 196 1822 seusu
210 1789 252 1822 ees
265 1786 308 1822 aut
320 1776 415 1823 ratione
428 1790 520 1835 carere,
532 1792 594 1839 quas
606 1777 638 1823 ihi
653 1775 730 1823 multo
742 1776 848 1823 acriores
861 1789 913 1822 esse
925 1773 967 1820 de-

122 1841 188 1899 here,
200 1839 275 1902 idque
287 1840 325 1890 vel
336 1841 423 1889 ordine
437 1855 522 1890 eorum
535 1851 560 1890 et
572 1843 711 1889 constantia
726 1851 842 1903 motuque
854 1839 967 1887 voluuta-

122 1906 161 1954 rio
178 1905 305 1966 declarari,
318 1920 373 1968 cap.
385 1909 423 1964 15,
435 1908 473 1966 16,
489 1905 503 1966 5
520 1908 609 1955 tte-43,
647 1906 695 1955 Sed
716 1907 826 1954 maxime
844 1915 966 1952 astrorum

121 1985 225 2018 sensum
235 1981 259 2018 et
268 1971 461 2032 intellegentiam
472 1971 675 2034 divinitatemque
686 1971 805 2020 declarari
813 1970 919 2019 mirabili
928 1983 967 2018 or-

122 2036 182 2084 dine
191 2051 275 2084 eorum
284 2046 309 2084 et
318 2036 464 2097 constantia,
474 2052 538 2100 qnae
549 2052 630 2100 usque
638 2047 753 2084 naturam
762 2037 891 2096 significet,
900 2033 967 2098 quod

122 2101 157 2149 sit
169 2101 241 2162 plene
252 2101 361 2161 rationis,
372 2116 452 2164 neque
463 2103 595 2162 fortunam,
606 2117 669 2165 quae
681 2102 847 2150 constantiam
858 2109 964 2163 respuat.

124 2166 155 2214 la
168 2181 219 2228 quo
231 2165 334 2214 ridicule
345 2181 427 2216 enare
438 2167 498 2214 dicit
507 2167 650 2230 Epicurum,
662 2167 704 2229 qni
717 2168 851 2214 humanam
862 2165 965 2225 figurant

123 2232 164 2280 dis
181 2232 299 2279 attribuat
311 2241 432 2294 negetque
445 2233 578 2280 rotundum
592 2242 618 2280 et
629 2232 761 2280 volubilem
775 2232 849 2281 deum
863 2229 967 2290 cogitari

124 2311 204 2360 posse,
213 2311 266 2358 eap.
279 2299 366 2354 16-23,
378 2296 391 2356 5
401 2299 491 2347 43-60.
502 2303 505 2310 ’
523 2297 571 2346 Sed
581 2297 670 2345 multas
679 2298 741 2345 alias
752 2306 854 2346 naturas
865 2296 968 2345 deorum

125 2361 224 2422 magnis
235 2377 321 2411 eorum
333 2363 457 2411 beneficiis
467 2364 615 2411 constitutas
626 2377 687 2412 esse.
724 2364 791 2412 Nam
802 2363 891 2425 primo,
902 2359 968 2423 quod

124 2428 159 2474 sit
168 2443 186 2475 a
199 2427 245 2476 deo
259 2436 354 2488 uatum,
365 2427 391 2476 id
403 2429 502 2476 nomiae
514 2428 589 2490 ipsius
604 2428 643 2476 dei
655 2429 800 2490 nuncupari,
812 2426 901 2475 deinde
915 2440 967 2474 rem

124 2492 215 2554 ipsam,
225 2492 309 2556 inqua
321 2493 397 2541 sitris
408 2494 488 2541 maior
499 2494 588 2556 alique,
599 2494 634 2542 sic
645 2493 770 2556 alipellan',
780 2491 905 2541 beneficiis
914 2505 969 2553 por-

125 2573 154 2605 ro
163 2557 312 2607 excellentes
320 2559 385 2606 viros
395 2559 419 2606 iu
432 2559 526 2607 caelum
536 2559 604 2606 fama
616 2571 640 2607 et
649 2560 774 2606 voluntate
786 2557 894 2606 sublatos
906 2569 966 2614 esse,

125 2622 234 2686 deniqne
249 2638 283 2671 ex
296 2624 399 2686 physica
414 2625 511 2672 ratione
530 2625 620 2673 multos
634 2623 737 2674 fluxisse
753 2628 881 2684 potiturum
898 2621 966 2679 deos,

124 2703 181 2750 cap.
192 2690 281 2750 23-30,
294 2687 308 2748 5
321 2691 411 2739 eti-75.
449 2689 496 2738 llis
513 2689 608 2738 duabus
625 2691 697 2737 rebus
714 2687 860 2746 constitutis,
871 2693 897 2734 et
910 2685 969 2733 deos

124 2768 181 2802 esse
195 2762 220 2802 et
231 2755 310 2818 qualis
322 2769 407 2804 eorum
421 2763 511 2803 natura
524 2755 563 2815 sit,
575 2755 685 2817 sequitur
698 2753 833 2816 disputatio
846 2752 878 2800 de
888 2750 969 2814 prori-

125 2818 213 2867 dentia
230 2820 340 2870 deorum.
375 2821 414 2868 Ea
428 2821 505 2868 tribus
522 2820 673 2880 argumentis
691 2819 836 2878 astringitur
853 2817 885 2865 de
902 2831 970 2864 more

126 2883 276 2934 Stoicorum.
313 2886 426 2933 Primum
444 2887 476 2933 ab
490 2901 519 2934 eo
533 2886 593 2948 ipso,
606 2885 672 2947 quod
687 2884 713 2932 di
727 2885 784 2944 siut,
796 2883 901 2942 ducitur,
913 2895 966 2942 cap.

127 2951 218 3010 30-32,
230 2949 244 3009 5
256 2952 345 3010 76-80,
357 2951 461 2999 alterum
473 2951 539 3009 iude,
551 2951 616 3012 quod
630 2964 716 2997 omues
730 2965 769 2996 res
783 2949 907 2996 subiectae
920 2946 970 2994 siut

127 3024 232 3065 naturae
244 3016 358 3066 sentienti
370 3017 401 3064 ab
413 3031 492 3078 eaque
505 3016 590 3063 omniu
601 3015 765 3076 pulcherrime
776 3023 901 3073 gerantur,
913 3027 966 3072 cap.

127 3081 170 3138 32,
182 3077 196 3138 5
209 3082 298 3142 81-83‚
310 3083 409 3130 tertium
422 3091 506 3129 utitem
517 3095 549 3127 ex
560 3079 723 3127 admiratione
735 3093 816 3126 rernm
828 3077 970 3125 caelestium

127 3154 154 3194 et
168 3147 319 3196 terrestrium
334 3147 473 3206 arcessitur,
488 3147 531 3208 qui
545 3145 613 3194 locus
631 3144 729 3207 copiose
745 3143 970 3203 admirabiliterque
