2220 3432
260 145 330 199 LlB.
342 145 480 206 11.,cA1³.
492 145 723 206 xxxin-xm,
735 144 749 205 §
764 148 870 195 98-105.
956 149 988 196 83
1093 166 1094 178 ,

145 253 212 306 103.
228 246 309 306 Luna
322 255 512 325 autem‚q11ae
526 253 577 318 est,
589 254 623 305 ut
637 247 794 305 ostendunt
808 247 989 306 mathemati-

143 328 178 399 ci,
188 328 279 386 maior
293 347 378 406 quarn
394 328 514 385 dimidia
528 346 593 406 pars
604 334 703 398 terrae,
714 328 816 385 iisdem
833 329 933 406 spatiis
945 349 989 386 ra·

143 415 229 485 gatur
242 408 346 484 quibus
361 408 411 480 sol,
422 408 472 466 sed
483 416 544 465 tum
561 408 749 485 congrediens
764 427 830 465 cum
845 408 912 479 sole,
924 416 987 466 tum

142 488 313 565 degrediens
327 495 356 545 et
370 507 434 546 earn
447 487 548 560 lucem,
560 507 645 565 quam
660 508 677 545 a
691 488 750 545 sole
765 489 884 566 accepit,
896 489 989 546 mittit

142 568 173 624 in
188 575 277 625 terras
292 576 320 626 et
334 569 425 625 varias
439 569 502 646 ipsa
516 568 587 625 lueis
603 569 779 626 mutationes
794 568 889 640 habet,
902 577 988 646 atque

142 648 305 706 etiamtum
319 648 447 706 subiecta
461 654 546 725 atque
562 649 696 726 opposita
711 648 764 706 soli
775 648 870 706 radios
885 650 945 706 eius
959 656 989 706 et

142 726 240 786 lumen
255 728 395 799 obscurat,
406 736 468 786 tum
480 729 543 806 ipsa
557 729 687 786 incidens
697 729 727 785 in
741 728 873 786 umbram
887 735 987 799 terrae,

142 827 209 866 cum
224 815 267 866 est
281 828 296 866 e
310 809 427 885 regione
442 809 517 879 solis,
528 809 701 886 interpositu
712 809 920 888 interiectuque
934 817 989 866 ter·
1056 843 1059 849 ·

141 905 190 945 rae
214 896 331 966 repente
353 887 456 947 deficit.
501 888 665 967 Iisdemque
687 889 786 967 spatiis
809 909 858 947 eae
881 888 987 960 stellae,

143 986 213 1044 quas
229 988 316 1046 vagas
333 969 464 1040 dicimus,
478 969 585 1026 circum
602 976 708 1026 terram
725 970 857 1027 feruntur
874 970 988 1027 eodem-

143 1066 199 1124 que
215 1049 303 1105 modo
322 1049 452 1108 oriuntur
469 1056 498 1107 et
515 1049 659 1121 occidunt,
673 1068 793 1127 quarum
811 1057 908 1107 motus
924 1055 988 1107 turn

141 1128 306 1200 incitantur,
324 1137 388 1186 tum
413 1129 600 1200 retardantur,
620 1149 703 1206 saepe
728 1131 816 1187 etiam
841 1130 986 1188 insistunt.

144 1213 210 1266 104.
229 1208 294 1278 Quo
317 1210 478 1286 spectaculo
495 1209 568 1266 nihil
586 1216 683 1287 potest
700 1209 896 1267 admirabilius
917 1229 986 1280 esse,

141 1288 214 1346 nihil
224 1289 377 1365 pulchrius.
408 1289 544 1367 Sequitur
552 1289 696 1348 stellarum
704 1290 891 1347 inerrantium
900 1290 989 1346 maxi·

142 1387 191 1425 ma
204 1369 371 1441 multitude,
382 1388 501 1447 quarum
516 1370 558 1427 ita
571 1369 715 1446 descripta
730 1369 878 1427 distinctio
894 1377 945 1441 est,
955 1376 988 1426 ut

142 1467 178 1506 ex
199 1455 332 1506 notarum
349 1449 504 1528 figurarum
527 1449 715 1508 similitudine
736 1449 854 1507 nomina
875 1449 988 1507 invenc-

141 1529 208 1586 rint
251 1527 329 1587 XLI.
345 1528 444 1607 Atque
465 1529 520 1587 hoo
541 1528 605 1588 loco
626 1549 673 1587 me
693 1529 825 1588 intuens:
847 1527 930 1601 Utar,
947 1530 988 1586 in-

142 1609 215 1685 quit,
228 1609 401 1666 carminibus
417 1610 509 1681 Arati,
524 1610 560 1667 iis
577 1628 650 1687 quae
666 1629 684 1667 a
699 1615 729 1667 te
745 1609 904 1666 admodum
920 1608 988 1666 adu-

141 1687 298 1748 lescentulo
308 1708 444 1747 conversa
452 1690 493 1747 ita
503 1709 550 1747 me
560 1690 713 1754 delectant,
722 1689 789 1767 quia
798 1689 900 1747 Latina
911 1695 987 1760 sunt,

142 1774 176 1825 ut
187 1768 277 1826 multa
291 1789 326 1827 ex
336 1769 372 1826 iis
386 1770 526 1827 memoria
539 1777 661 1827 teneam.
695 1769 781 1846 Ergo,
792 1777 826 1827 ut
837 1769 926 1827 oculis
940 1769 988 1826 ad-

143 1848 224 1907 sidue
239 1849 378 1922 videmus,
390 1851 450 1908 sine
465 1849 523 1908 ulla
535 1850 696 1907 mutatione
711 1859 761 1907 aut
775 1850 911 1908 varietate

208 1987 298 2037 Cetera
308 1987 424 2038 labuntur
435 1989 509 2038 celeri
520 1988 637 2038 coelestia
649 1997 728 2048 motu,

208 2054 275 2103 Cum
286 2055 403 2118 caeloque
414 2055 488 2104 simul
499 2064 634 2118 noctesque
646 2054 747 2117 diesque
759 2053 879 2115 feruntur,

145 2188 211 2241 105.
231 2202 353 2261 quorum
375 2182 618 2260 contemplatione
639 2181 745 2240 nullius
767 2181 875 2259 expleri
891 2188 987 2260 potest

143 2263 257 2320 animus
270 2271 387 2322 naturae
401 2264 592 2321 constantiam
607 2262 704 2320 videre
717 2262 867 2339 cupientia.

209 2403 393 2466 Extremusque
404 2401 467 2452 adeo
477 2401 569 2466 duplici
580 2401 612 2451 de
622 2401 723 2451 cardine
733 2407 820 2450 vertex

208 2468 310 2518 Dicitur
320 2481 374 2518 esse
384 2468 463 2532 polus.

143 2594 232 2654 Hune
253 2594 360 2654 circum
379 2602 474 2654 arctoe
491 2595 564 2654 duae
580 2594 721 2665 feruntur,
735 2609 894 2671 numquam
915 2593 986 2650 occi-

143 2675 254 2734 dentes.

209 2805 252 2854 Ex
263 2803 302 2853 hie
313 2803 391 2853 altera
400 2802 466 2866 apud
478 2802 567 2853 Graios
579 2802 707 2866 Cynosura
717 2807 829 2862 vocatur,

208 2870 299 2919 Altera
309 2870 402 2919 dicitur
412 2884 466 2918 esse
477 2869 572 2930 Helice,

143 2997 226 3055 cuius
241 2997 357 3076 quidem
371 2996 540 3055 clarissimas
554 2994 649 3053 stellas
662 2993 733 3052 totis
749 2991 884 3052 noctibus
898 2991 986 3050 cerni-

142 3097 218 3150 mus,

210 3206 278 3268 Quas
290 3208 367 3256 nostri
379 3214 472 3269 septem
483 3204 549 3254 soliti
560 3202 667 3253 vocitare
677 3203 790 3252 Triones.
