2224 3446
385 150 726 212 cnr’.1x.-x1.‚§1e-25.
926 153 972 200 aar

136 272 184 312 mo
194 251 275 328 pulsa
286 250 416 309 declinat.
446 250 521 308 Nam
531 252 580 328 qui
589 258 684 328 potest
692 251 760 329 pelli
769 251 824 309 alia
834 251 869 309 ab
879 251 941 323 alia,
951 254 974 310 si

135 331 275 409 gravitate
288 331 420 388 feruntur
436 331 473 388 ad
487 330 720 408 perpendiculum
739 351 859 408 corpora
874 332 974 388 indivi-

136 413 193 468 dua
208 411 293 468 rectis
306 411 396 481 lineiS,
409 418 441 468 ut
456 411 581 488 Epicuro
595 410 706 488 placetl
747 411 882 488 Sequitur
898 412 976 468 enirn

136 499 177 562 ut,
190 490 214 548 si
227 491 282 547 alia
298 489 333 547 ab
347 490 402 546 alia
418 509 575 567 numquam
593 491 758 566 depellatur,
774 511 810 548 ne
827 492 976 568 contingat

137 571 255 648 quidem
268 569 323 626 alia
337 569 429 627 aliam.
465 569 508 626 Ex
524 589 581 646 quo
592 569 720 641 efficitur,
734 571 820 628 etiam
834 571 858 627 si
869 572 906 628 sit
917 579 977 628 ate

137 670 201 707 mus
215 669 304 726 eaque
319 648 449 719 declinet,
462 649 603 706 declinare
618 651 678 707 sine
692 669 783 708 causa.
826 656 873 708 23.
892 651 976 707 Hanc

137 731 277 807 Epicurus
290 729 430 786 rationem
444 729 558 786 induxit
569 729 606 786 ob
621 749 683 786 eam
697 749 766 801 rem,
779 730 857 806 quod
870 731 978 786 veritus

137 818 241 880 estne,
257 809 281 865 si
297 827 409 884 semper
429 815 542 865 atomus
558 809 697 884 gravitate
713 809 835 867 ferretur
854 809 976 866 naturali

138 909 170 946 ac
187 888 350 958 necessaria,
362 887 435 944 nihil
448 888 570 945 liberum
586 888 670 944 nobis
686 896 768 960 esset,
780 908 846 946 cum
860 889 901 946 ita
917 908 978 945 mo-

137 975 249 1026 veretur
269 967 389 1037 animus,
407 974 440 1025 ut
456 974 619 1036 atomorum
639 975 722 1024 motu
743 975 898 1044 cogeretur.
941 968 977 1025 Id

137 1047 321 1105 Democritus
338 1053 436 1104 auctor
452 1054 613 1104 atomorum
628 1047 755 1123 accipere
769 1048 871 1105 maluit
884 1067 978 1105 neces-

138 1129 221 1184 sitate
236 1127 333 1184 omnia
346 1125 406 1183 fieri
421 1146 507 1203 quam
521 1146 538 1183 a
551 1126 717 1203 corporibus
728 1127 884 1186 individuis
897 1134 977 1184 natu·

137 1207 209 1264 rales
223 1213 319 1263 motus
333 1205 460 1264 avellere.

177 1286 231 1344 XI.
253 1286 376 1343 Acutius
390 1285 557 1357 Gameades,
573 1286 623 1363 qui
640 1285 761 1343 docebat
777 1305 860 1363 posse
875 1286 978 1362 Epicu-

137 1385 201 1424 reos
215 1385 295 1423 suam
309 1384 422 1423 causam
437 1367 497 1423 sine
508 1365 560 1422 hac
575 1365 775 1423 commenticia
788 1366 978 1423 declinatione

138 1446 299 1504 defendere.
342 1445 417 1502 Nam
434 1465 500 1502 cum
517 1445 632 1502 doceret
649 1465 709 1502 csse
730 1465 813 1522 posse
835 1445 977 1522 quendam

138 1527 227 1583 animi
248 1532 361 1582 motum
382 1524 582 1594 voluntarium,
604 1525 635 1581 id
656 1525 714 1582 fuit
736 1525 853 1582 defendi
876 1525 978 1581 melius

139 1625 225 1682 quam
248 1605 429 1662 introducere
454 1605 681 1675 declinationem,
705 1605 785 1663 cuius
812 1605 977 1681 praesertim

138 1705 252 1743 cursam
274 1685 395 1761 reperire
417 1703 475 1741 non
498 1691 626 1760 possunt.
669 1683 733 1754 Quo
754 1685 872 1742 defenso
894 1684 978 1741 facile

139 1765 302 1841 Chrysippo
319 1771 435 1841 possent
456 1765 593 1821 resistere.
635 1763 709 1821 Cum
731 1765 807 1822 enim
828 1765 978 1821 concessis-

139 1852 202 1901 sent
215 1851 327 1901 motum
343 1843 452 1900 nullum
467 1863 527 1900 csse
541 1844 601 1900 sine
616 1863 706 1915 causa,
719 1863 778 1901 non
792 1844 979 1901 concederent

139 1924 244 1994 omnia,
257 1943 329 2000 quae
343 1923 451 1994 fierent,
463 1922 524 1981 lieri
538 1924 630 1980 causis
643 1923 884 1981 antecedentibus.
920 1924 979 1982 Vc

138 2005 258 2061 luntatis
280 2003 358 2060 enim
379 2010 493 2060 nostrae
514 2022 574 2060 non
596 2022 656 2060 esse
679 2023 776 2060 causas
798 2011 928 2061 externas
950 2011 979 2063 et

139 2083 346 2141 antecedentes.
379 2087 425 2140 24.
441 2082 596 2139 Communi
607 2083 696 2160 igitur
709 2085 914 2141 consuetudine
925 2104 980 2142 scr-

139 2163 234 2220 monis
247 2163 400 2234 abutimur,
412 2181 478 2220 curn
492 2163 533 2219 ita
543 2162 673 2234 dicimus,
683 2163 754 2220 velle
765 2163 872 2241 aliquid
884 2183 980 2240 quem·

140 2244 218 2320 piam
235 2249 284 2300 aut
298 2242 373 2299 nolle
391 2243 451 2300 sine
468 2261 558 2300 causa.
601 2243 646 2299 Ita
663 2243 740 2300 enirn
754 2243 877 2300 dicimus
892 2245 980 2301 “sine

140 2322 250 2393 causa,''
263 2329 295 2380 ut
306 2322 433 2379 dicamus
448 2322 508 2379 sine
522 2329 638 2379 externa
652 2329 680 2379 et
691 2323 876 2380 antecedente
887 2343 978 2395 causa,

140 2422 199 2459 non
214 2403 274 2459 sine
288 2401 389 2478 aliqua.
426 2401 477 2472 Ut,
490 2421 556 2459 cum
566 2420 616 2458 vas
629 2402 713 2458 inane
727 2402 858 2473 dicimus,
870 2422 928 2460 non
940 2404 981 2460 ita

140 2483 292 2558 loquimur,
305 2489 337 2539 ut
354 2481 475 2558 physici,
491 2481 595 2558 quibus
611 2481 696 2538 inane
713 2500 772 2538 esse
788 2481 861 2539 nihil
877 2482 979 2558 placet,

141 2562 192 2619 sed
204 2563 253 2632 ita,
265 2569 298 2618 ut
312 2562 392 2619 verbi
409 2580 492 2618 causa
508 2562 569 2618 sine
585 2579 666 2638 aqua,
680 2561 740 2618 sine
754 2561 830 2634 vino,
843 2563 903 2619 sine
918 2562 980 2619 oleo

141 2661 190 2699 vas
204 2661 263 2698 esse
278 2641 414 2712 dicamus,
427 2641 475 2712 sic,
488 2661 554 2698 cum
565 2641 625 2698 sine
640 2660 724 2698 causa
734 2641 862 2698 animum
872 2642 981 2699 moveri

141 2722 272 2792 dicimus,
290 2721 351 2778 sine
372 2721 557 2778 antecedente
578 2729 607 2778 et
624 2727 739 2778 externa
759 2740 843 2778 causa
862 2721 979 2791 moveri,

142 2821 200 2858 non
215 2801 333 2858 omnino
347 2801 408 2858 sine
422 2820 506 2858 causa
516 2801 645 2858 dicimus.
681 2799 726 2857 De
737 2801 800 2878 ipsa
813 2807 910 2858 atomo
924 2801 982 2857 dici

142 2887 245 2958 potest,
258 2901 323 2938 curn
335 2900 386 2958 per
398 2881 482 2938 inane
496 2891 644 2937 moveatur
654 2881 792 2956 gravitate
807 2887 835 2938 et
846 2880 980 2957 pondere,

142 2962 203 3018 sine
220 2981 304 3018 causa
319 2961 436 3031 moveri,
450 2959 516 3036 quia
529 2959 606 3016 nulla
623 2979 707 3017 causa
720 2961 835 3017 accedat
849 2960 988 3030 extrinses

142 3059 199 3099 cus.
243 3047 289 3099 25.
312 3039 420 3103 Rursus
437 3047 541 3111 autem,
556 3059 592 3096 ne
610 3058 709 3096 omnes
726 3039 837 3116 physici
854 3059 907 3096 nos
923 3040 982 3096 irri-

142 3121 237 3190 deant,
253 3121 277 3178 si
293 3121 421 3178 dicamus
442 3120 594 3197 quicquam
612 3118 673 3176 fieri
694 3120 754 3176 sine
775 3139 866 3188 causa,
884 3119 982 3176 distin-

142 3201 290 3275 guendum
307 3206 350 3258 est
367 3205 396 3256 et
412 3199 453 3257 ita
468 3198 630 3269 dicendum,
646 3198 735 3274 ipsius
752 3199 893 3257 individui
910 3199 981 3256 hano
