2220 3432
290 111 360 161 LIB.
376 111 407 172 I.,
421 111 498 161 CAl'.
512 109 693 171 XV.-XVlI.,
708 108 722 169 ᾗ
736 109 826 157 40-45.
948 107 979 154 19

140 211 204 270 beat
218 211 279 268 sine
293 211 424 269 doctrina
437 212 672 288 anticipationem
687 209 830 288 quandam
842 207 979 264 deoruml

139 311 224 369 quarn
239 291 364 369 appellat
378 291 517 368 aptitudo
531 293 680 370 Epicurus,
692 291 723 348 id
737 297 789 360 est,
799 294 980 363 anteceptam

139 373 235 430 anim'o
251 373 293 430 rei
310 374 453 450 quandam
468 372 712 442 informationem,
725 371 785 428 sine
804 388 860 447 qua
872 386 925 424 nec
939 367 980 423 iu·
999 405 1002 416 .

139 452 235 529 tellegi
261 452 413 530 quicquam
438 471 490 510 nee
515 453 612 532 quaeri
636 472 689 510 nec
714 449 854 528 disputari
874 454 979 524 potest.

139 536 230 594 (iuius
250 537 370 594 rationis
387 537 446 594 vim
465 543 551 612 atque
568 534 721 591 utilitatem
744 552 778 591 ex
799 532 849 590 illo
866 533 980 590 caelesti

139 616 258 693 Epicuri
280 617 316 674 de
338 616 437 693 regula
459 622 488 673 et
509 615 617 672 iudicio
638 614 784 671 volumino
809 613 978 690 accepimus.

139 697 238 755 XVII.
282 701 328 754 44.
348 695 433 765 Quod
450 696 540 772 igitur
556 694 778 752 fundamentum
795 693 881 750 huius
898 712 980 770 quae·

139 777 242 835 stiouis
259 783 310 848 est,
327 776 357 833 id
374 777 515 853 praeclare
532 775 640 832 iactum
656 774 767 831 videtis.
810 773 886 831 Cum
903 773 980 830 enim

139 874 199 913 uon
210 857 344 915 instituto
358 857 454 933 aliquo
469 862 519 914 aut
530 874 608 912 more
623 861 673 912 aut
683 854 746 930 lege
756 854 794 911 sit
805 853 904 930 opinio
915 871 981 910 con·

140 937 242 994 stituta
252 944 423 1014 maneatque
437 937 474 994 ad
484 955 575 994 unum
587 935 716 992 omnium
728 933 810 990 firma
820 915 989 1004 consensio,l

96 1087 100 1094 .
139 1016 269 1093 intellegi
282 1036 396 1074 necesse
407 1025 450 1075 est
464 1036 524 1074 esse
535 1016 613 1086 dena,
624 1015 759 1092 quoniam
770 1014 871 1071 insitas
881 1033 980 1071 eorum

139 1097 184 1154 vel
195 1098 294 1175 potius
304 1097 417 1154 innatas
431 1098 611 1173 cognitiones
622 1095 767 1152 habemus.
809 1093 855 1152 De
865 1113 923 1171 quo
934 1112 981 1150 au-

139 1184 199 1235 tem
215 1177 343 1234 omnium
358 1184 460 1234 natura
474 1177 625 1247 consentit,
638 1175 669 1232 id
682 1194 781 1234 verum
796 1193 856 1232 esse
867 1193 980 1231 neccsse

140 1265 190 1315 est.
233 1258 302 1314 Esse
318 1257 409 1334 igitur
422 1259 492 1315 deos
508 1256 704 1314 confitendum
719 1262 782 1320 est.¹
813 1254 898 1324 Quod
913 1273 981 1331 quo-

139 1339 217 1394 niam
226 1339 287 1395 iere
296 1344 408 1395 constat
417 1339 492 1396 inter
502 1356 602 1394 omnes
611 1355 668 1393 non
676 1335 866 1412 philosophos
878 1334 979 1404 solum,

140 1418 191 1475 sed
212 1418 299 1475 ctiam
320 1418 461 1487 indoctos,
476 1419 619 1474 fateamur
640 1423 769 1473 constare
790 1414 862 1471 illud
883 1415 979 1484 ctiam,

138 1498 213 1556 hanc
235 1517 287 1555 nos
308 1497 411 1556 habere
433 1499 492 1555 sive
513 1496 757 1572 anticipationem,
774 1502 807 1552 ut
827 1501 893 1552 aute
910 1493 978 1564 diui,

140 1579 199 1636 sive
219 1579 438 1654 praenotionem
455 1578 683 1635 deorum-sunt
700 1576 776 1633 eninr
797 1573 882 1632 rebus
898 1574 981 1630 novis

139 1677 214 1716 nova
236 1657 370 1735 ponenda
394 1659 568 1729 nominant
592 1656 733 1734 Epicurus
758 1656 819 1732 ipse
840 1653 980 1730 πρόληψιν

140 1738 302 1816 appellavit,
318 1757 404 1815 quam
425 1745 509 1795 autea
529 1756 614 1794 nemo
636 1756 670 1793 eo
692 1735 779 1793 verbo
799 1736 979 1792 nominarat:

139 1824 186 1875 45.
203 1818 276 1876 hanc
297 1819 386 1895 igitur
401 1818 548 1888 habemus,
564 1824 597 1874 ut
614 1816 684 1874 deos
702 1816 802 1874 beatos
819 1823 848 1873 et
864 1817 980 1872 immor-

139 1898 210 1956 tales
230 1905 373 1975 putemus.
417 1898 496 1967 Quae
519 1897 596 1955 enim
617 1897 701 1954 nobis
722 1904 823 1954 natura
844 1896 981 1954 informa·

139 1979 249 2036 tionem
270 1979 390 2037 deorum
411 1979 539 2055 ipsorum
556 1977 645 2048 dedit,
661 1977 760 2034 eadem
782 1976 933 2053 insculpsit
949 1977 980 2033 iu

138 2057 334 2130 mentibus,ut
344 2078 393 2116 eos
404 2065 534 2117 aeternos
543 2064 573 2115 et
581 2057 680 2115 beatos
691 2057 867 2114 haberemus.
894 2055 980 2124 Quod

139 2139 163 2195 si
177 2139 219 2196 ita
232 2146 359 2210 estuare
374 2139 504 2215 exposita
517 2138 567 2195 illa
580 2137 723 2194 sententia
736 2144 780 2194 est
793 2136 830 2193 ab
843 2136 978 2213 Epicuro,

139 2218 157 2246 “
167 2219 245 2296 quod
256 2218 372 2278 beatum
387 2226 591 2295 aeternumque
605 2217 651 2289 sit,
663 2217 694 2274 id
705 2236 757 2274 nec
769 2216 872 2274 habere
883 2217 979 2294 ipsum

138 2299 249 2375 negotii
271 2299 423 2376 quicquam
438 2318 490 2356 uec
507 2298 640 2356 exhibere
657 2297 753 2354 alteri:
775 2297 871 2373 itaque
886 2316 979 2374 neque

138 2379 181 2435 ira
201 2398 293 2456 neque
314 2380 406 2455 gratia
422 2378 521 2450 teneri,
541 2378 618 2456 quod
635 2397 707 2454 quae
724 2377 792 2434 talia
813 2384 907 2434 essent
927 2378 980 2433 irn-

138 2459 240 2516 becilla
259 2465 353 2516 essent
374 2458 497 2516 omnia''
540 2459 571 2516 Si
591 2457 664 2515 nihil
685 2457 763 2514 aliud
781 2475 979 2533 quaereremus

138 2539 194 2595 nisi
208 2546 242 2596 ut
255 2539 325 2596 deos
339 2539 386 2616 pie
401 2538 557 2596 coleremus
574 2545 603 2596 et
618 2545 651 2595 ut
665 2538 866 2615 superstitione
881 2536 980 2594 libera-

138 2637 242 2689 rernur,
259 2619 328 2676 satis
345 2626 405 2677 erat
422 2619 549 2677 dictum:
571 2638 638 2675 narn
655 2625 684 2675 et
699 2623 844 2694 praestans
859 2616 978 2674 deorum

137 2705 241 2756 natura
261 2697 413 2756 hominum
434 2700 541 2776 pictate
564 2698 711 2767 coleretur,
727 2717 794 2754 curn
815 2705 844 2753 et
865 2703 979 2754 aeterna

138 2786 213 2836 esset
223 2785 253 2836 et
263 2778 443 2836 beatissima:
465 2778 551 2836 habet
563 2779 639 2836 enim
650 2777 862 2835 venerationem
874 2777 978 2834 iustam

138 2858 281 2935 quidquid
292 2859 421 2916 excellit:
443 2866 472 2916 et
486 2867 580 2916 metus
595 2858 689 2915 omnis
699 2877 717 2914 a
725 2857 753 2914 vi
764 2864 850 2933 atque
862 2857 902 2913 ira
913 2856 980 2914 deo-

137 2957 202 2994 rum
216 2937 316 3014 pulsus
330 2948 411 2996 esset.
454 2939 635 3015 Intellegitur
648 2938 725 2994 enirn
740 2935 850 2993 abeata
863 2937 979 2993 immor-

137 3017 247 3094 talique
263 3025 366 3076 natura
382 3026 411 3076 et
430 3019 502 3075 iram
519 3025 548 3075 et
569 3018 690 3094 gratiam
708 3016 857 3093 segregari,
874 3016 979 3093 quibus

137 3097 257 3154 remotis
273 3097 368 3154 nullos
384 3117 401 3155 a
418 3098 527 3175 superis
543 3097 709 3173 impendere
724 3102 827 3153 metus.
870 3095 927 3152 Sed
941 3095 978 3152 ad

137 3173 212 3234 hauc
233 3175 458 3235 confirmandam
481 3177 648 3250 opinionem
670 3175 796 3250 anquirit
817 3175 929 3232 animus
949 3181 978 3231 et

1023 3291 1098 3406 A
