2242 3436
116 101 163 152 174
376 101 425 150 DE
441 99 692 150 DIVINATIONE.

114 219 183 272 esse,
205 219 265 258 non
289 200 325 258 de
353 200 473 258 victoria
500 200 694 278 cogitandum.
736 197 866 258 XXXV.
910 197 959 258 77.

114 280 210 350 Quill
226 280 302 339 bello
316 280 427 338 Punico
442 281 567 340 secundo
579 298 674 338 nonne
685 278 717 337 O.
728 278 885 336 Flaminius
895 297 962 336 eon·

115 361 159 419 sul
168 361 273 419 iterum
281 361 408 438 neglexit
416 360 498 436 signa
506 379 600 418 rerum
609 360 770 418 futurarum
778 378 885 436 magna
893 378 962 416 cum

115 441 196 499 clade
209 441 250 499 rei
263 439 413 518 publicael
454 439 511 508 Qui
525 440 650 498 exercitu
664 439 784 496 lustrato
799 458 865 496 cum
876 437 963 496 Arre·

115 521 189 578 tium
210 539 307 578 versus
327 527 419 577 castra
438 519 575 577 movisset
595 525 625 578 et
645 526 745 578 contra
765 517 963 576 Hannibalem

116 598 243 677 legiones
264 600 388 670 duceret,
404 607 433 658 et
449 599 510 676 ipse
527 607 556 657 et
573 617 662 676 equus
683 599 744 656 eins
760 606 828 656 ante
844 599 962 675 signnm

116 680 193 738 Iovis
210 679 332 738 Statoris
353 680 414 736 sine
435 698 521 736 causa
541 686 658 755 repente
679 678 806 736 concidit
822 697 875 736 nec
896 698 962 736 eam

116 777 177 817 rem
193 760 295 817 habuit
315 759 455 836 religioni,
472 759 585 816 obiecto
607 759 698 835 signe,
714 764 747 816 ut
762 758 864 835 peritis
884 758 963 816 vide

118 839 208 911 batur,
224 859 260 896 ne
279 840 473 897 committeret
489 838 639 915 proelium.
682 838 763 896 Idem
785 857 851 895 cum
871 837 963 914 tripu-

116 919 166 976 dio
185 919 386 995 auspicaretur,
402 919 539 996 pullarius
559 919 636 976 diem
657 918 759 995 proelii
779 918 964 976 committen-

118 998 148 1056 di
162 998 320 1056 differebat
362 999 437 1056 Tum
452 999 609 1056 Flaminius
626 1017 661 1056 ex
675 1017 709 1056 eo
724 997 873 1074 quaesivit,
886 998 910 1054 si
925 1017 963 1054 ne

117 1085 218 1155 postea
228 1078 345 1154 quidem
357 1079 428 1155 pulli
439 1086 629 1155 pascerentur,
640 1078 710 1155 quid
720 1077 886 1136 faciendum
898 1096 963 1134 een-

118 1165 198 1216 seret.
242 1158 316 1216 Cum
330 1158 377 1216 ille
395 1159 599 1236 quiescendum
613 1159 815 1235 respondisset,
827 1157 963 1214 Flamini·

117 1257 166 1296 us:
185 1238 202 1265 “
212 1237 360 1296 Praeclara
368 1257 435 1296 vero
444 1239 578 1315 auspicia,
588 1239 611 1295 si
622 1238 812 1296 esurientibus
821 1237 907 1314 pullis
917 1257 964 1295 res

117 1319 179 1395 geri
189 1319 304 1396 poterit,
316 1319 419 1375 saturis
432 1318 505 1376 nihil
515 1317 657 1395 geretur.”
691 1309 793 1395 Itaque
804 1319 887 1394 signa
897 1336 965 1375 con-

120 1399 183 1456 velli
201 1406 276 1458 etse
294 1399 374 1476 sequi
391 1398 481 1456 iussit.
524 1397 589 1467 Quo
606 1404 737 1475 tempore
754 1417 819 1454 cnm
841 1398 964 1474 signifer

118 1479 205 1555 primi
227 1479 332 1536 hastati
352 1479 467 1555 signum
488 1496 547 1534 non
568 1486 666 1554 posset
686 1497 801 1536 movere
824 1477 888 1534 loco
909 1497 964 1534 nec

118 1561 271 1636 quicquam
296 1557 488 1635 proficeretur,
506 1558 602 1635 plures
623 1577 688 1614 cum
710 1557 884 1628 accederent,
904 1557 965 1614 Fla-

119 1639 225 1696 minius
239 1657 269 1695 re
283 1638 415 1696 nuntiata
428 1658 479 1695 suo
495 1656 573 1696 more
587 1637 721 1714 neglexit.
760 1637 861 1714 Itaque
872 1637 965 1695 tribus

119 1718 197 1776 horis
222 1719 351 1776 concisus
372 1718 512 1776 exercitus
532 1724 619 1794 atque
640 1718 701 1795 ipse
722 1717 890 1774 interfectus
911 1723 963 1775 est

121 1798 167 1856 78.
190 1797 328 1874 Magnum
351 1798 422 1856 illud
445 1799 540 1869 etiam,
557 1797 635 1874 quod
656 1797 770 1856 addidit
792 1795 913 1868 Caelius,
930 1816 965 1855 eo

119 1885 250 1954 tempore
264 1878 337 1955 ipso,
349 1897 415 1935 curn
429 1878 485 1935 hoc
502 1878 700 1935 calamitosum
714 1877 796 1935 fieret
811 1877 964 1953 proelium,

120 1965 217 2014 tantos
231 1964 321 2014 terrae
335 1965 432 2015 motus
443 1959 472 2015 in
484 1957 645 2034 Liguribus,
657 1957 751 2014 Gallia
759 1956 967 2034 compluribus

121 2056 177 2114 que
191 2037 291 2094 insulis
305 2043 423 2114 totaque
437 2038 466 2094 in
481 2037 565 2095 Italia
578 2037 672 2095 factos
686 2056 756 2108 esse,
767 2044 801 2094 ut
815 2037 905 2094 multa
916 2057 966 2114 cp

121 2117 190 2193 pida
206 2117 371 2187 corruerint,
383 2117 482 2175 multis
498 2118 569 2175 locis
585 2116 663 2174 labes
679 2116 773 2174 factae
790 2117 848 2174 sint
864 2125 967 2174 terrae

122 2216 177 2274 que
192 2195 354 2254 desederint
367 2196 542 2275 fluminaque
556 2198 586 2254 in
601 2197 757 2255 contrarias
770 2203 866 2274 partes
880 2195 967 2254 fluxe-

121 2277 180 2334 rint
193 2283 279 2354 atque
290 2277 319 2334 in
331 2296 429 2336 amnes
439 2297 517 2334 mare
527 2277 680 2336 influxerit.
715 2275 860 2334 XXXVI.
879 2276 968 2334 Fiunt

121 2363 197 2415 certe
214 2357 425 2415 divinationum
441 2357 620 2415 coniecturae
634 2375 652 2414 a
664 2357 772 2434 peritis.
814 2355 910 2414 Midae
924 2356 968 2413 illi

122 2436 242 2514 Phrygi,
254 2457 320 2495 cum
334 2457 406 2514 puer
419 2444 500 2509 esset,
512 2437 668 2494 dormienti
679 2436 817 2494 formicae
831 2436 862 2493 in
876 2455 909 2492 os
919 2437 969 2493 tri·

122 2517 173 2573 tici
186 2536 275 2594 grana
288 2524 499 2593 congesserunt.
541 2516 756 2574 Divitissimum
767 2517 830 2574 fore
841 2515 968 2592 praedic-

122 2603 185 2654 tum
210 2603 269 2654 est:
293 2598 371 2674 quod
395 2597 498 2655 evenit.
540 2596 583 2654 At
606 2596 723 2655 Platoni
746 2615 812 2654 cum
832 2596 863 2652 iu
886 2595 969 2653 cuuis

122 2675 242 2752 parvulo
262 2676 417 2734 dormienti
437 2692 505 2752 apes
525 2676 556 2733 in
576 2676 685 2734 labellis
706 2675 910 2746 consedissent,
927 2695 969 2732 re

124 2773 260 2829 sponsum
279 2761 322 2811 est
338 2753 475 2829 singulari
489 2755 569 2812 illum
587 2757 726 2814 suavitate
743 2755 881 2813 orationis
895 2755 967 2812 fore.

124 2831 171 2888 Ita
193 2832 291 2889 futura
314 2832 478 2908 eloquentia
500 2835 615 2909 provisa
635 2835 665 2891 in
690 2835 803 2892 infante
825 2840 875 2891 est.
919 2834 936 2890 7
941 2840 967 2892 9.

125 2908 220 2975 Quidl
241 2928 351 2966 amores
366 2930 398 2967 ac
411 2911 528 2969 deliciae
542 2919 608 2972 tuac
623 2914 743 2971 Roscius
757 2933 828 2970 num
842 2920 893 2970 aut
906 2913 969 2990 ipse

125 2993 175 3042 aut
189 3004 241 3062 pro
256 3005 290 3044 eo
304 2987 464 3046 Lanuvium
478 2997 574 3048 totum
584 2993 795 3051 mentiebaturl
833 2992 970 3061 Quicum

126 3071 200 3121 esset
216 3065 245 3121 in
263 3066 409 3124 cunabulis
426 3069 648 3146 educareturque
666 3072 695 3128 in
712 3072 840 3143 Solonio,
857 3072 908 3150 qui
925 3079 970 3131 est

126 3161 244 3219 campus
260 3146 321 3220 agri
335 3145 483 3218 Lanuvini,
495 3154 583 3206 noctu
597 3149 705 3208 lumine
719 3152 854 3228 apposito
871 3171 971 3229 exper
