2224 3446
373 138 451 188 cnr.
465 139 661 202 xuni-xx..
674 139 688 199 s
702 141 792 190 42-48.
955 145 1003 190 aco

160 237 280 296 tendum
295 256 355 296 esse
369 239 432 296 fato
445 238 508 298 fieri
518 240 630 298 omnia:
648 259 683 298 ex
694 260 751 318 quo
762 241 846 298 facile
858 241 1003 300 intellectu

160 326 212 389 est,
228 319 364 396 quoniam
385 319 499 396 utrique
519 321 664 399 patefacta
684 329 770 398 atque
786 321 927 398 explicata
943 341 1003 380 sen·

159 398 251 455 tentia
265 417 316 456 sua
329 398 366 456 ad
380 399 503 457 eundem
515 401 624 457 exitum
634 401 758 471 veniant,
769 402 862 458 verbis
876 421 933 473 eoa,
944 421 1003 459 non

159 497 190 535 re
206 477 351 536 dissidere.
394 483 441 536 45.
464 479 648 557 Omninoque
665 500 730 538 cnm
748 481 818 538 haec
835 482 873 538 sit
886 481 1003 538 distinc-

159 558 210 629 tio,
222 565 256 615 ut
272 558 443 635 quibusdam
458 559 488 616 in
502 560 587 618 rebus
602 579 667 618 vere
684 561 742 617 dici
756 561 856 636 possit,
868 580 934 618 cum
948 561 1002 618 hae

159 657 260 695 causac
277 645 455 716 antegressae
472 639 538 711 sint,
553 658 612 697 non
630 659 690 698 esse
703 641 733 696 in
748 647 846 698 nostra
859 647 1002 717 potestate

159 717 229 794 quin
243 717 293 775 illa
306 719 446 789 eveniant,
458 738 579 796 quorum
592 739 691 778 causae
702 721 818 792 fuerint,
830 720 1001 797 quibusdam

158 805 255 854 autem
276 798 306 854 in
327 797 411 856 rebus
433 799 524 856 causis
544 801 715 876 antegressis
735 801 885 858 innostra
904 807 1001 858 tamen

159 896 220 935 esse
236 883 379 954 potestate
396 884 429 936 ut
442 877 514 936 illud
525 877 607 936 aliter
623 881 743 951 eveniat,
755 880 829 938 hanc
843 879 1002 938 distinotio-

158 976 225 1015 nem
242 957 357 1034 utrique
373 957 542 1035 approbant,
555 958 605 1017 sed
619 959 701 1016 alteri
716 968 840 1032 censent,
853 959 957 1037 quibus
970 955 1000 1016 in

158 1037 242 1094 rebus
257 1056 322 1095 cum
337 1057 436 1095 causae
448 1039 658 1111 antecesserint,
670 1059 729 1096 non
741 1040 819 1096 sitin
830 1047 928 1097 nostra
938 1047 1001 1117 pot-

158 1123 256 1188 estate,
268 1125 302 1175 ut
315 1117 397 1175 aliter
410 1117 459 1175 illa
476 1119 615 1191 eveniant,
628 1138 674 1176 aas
688 1120 751 1176 fato
765 1119 842 1176 fieri:
865 1139 937 1197 quae
954 1139 1002 1176 au·

157 1203 217 1253 tem
238 1198 268 1254 in
290 1204 389 1255 nostra
410 1205 553 1275 potestate
576 1199 641 1270 sint,
657 1198 693 1256 ab
714 1199 752 1256 iis
770 1199 864 1256 fatum
886 1199 999 1256 abesse:

158 1276 239 1334 alteri
253 1276 353 1335 volunt
367 1298 384 1335 a
397 1279 482 1336 rebus
495 1279 589 1335 fatum
604 1297 689 1336 omne
703 1278 829 1356 relegari.

251 1371 270 1410 a
411 1373 429 1412 a
570 1374 589 1411 a
730 1375 747 1410 s
888 1371 906 1412 a

197 1436 266 1494 XX.
317 1439 364 1495 46.
394 1437 461 1495 Hoc
487 1437 576 1495 modo
603 1438 678 1496 hauc
705 1455 818 1495 causam
847 1434 1001 1516 disceptari

158 1522 281 1593 oportet,
291 1536 351 1574 non
365 1517 401 1575 ab
415 1518 520 1575 atomis
534 1518 693 1576 errantibus
707 1519 786 1576 etde
800 1518 847 1575 via
860 1518 1001 1576 declinan-

157 1596 235 1654 tibus
256 1603 352 1674 petere
373 1598 555 1674 praesidium.
597 1598 739 1670 Declinat,
756 1598 859 1675 inquit,
878 1605 998 1656 atomus.

157 1675 289 1733 Primum
314 1679 385 1735 curi
425 1677 522 1736 Aliam
550 1678 628 1736 enim
653 1678 797 1756 quandam
820 1678 879 1734 vim
902 1685 1000 1735 motus

157 1756 305 1814 habebunt
319 1776 336 1814 a
348 1757 517 1815 Democrito
528 1758 717 1835 impulsionis,
729 1777 813 1836 quarn
826 1758 941 1836 plagam
951 1757 1000 1816 ille

158 1837 291 1914 appellat,
303 1856 320 1894 a
333 1844 371 1909 te,
383 1837 515 1914 Epicure,
527 1838 676 1915 gravitatis
693 1845 722 1895 et
735 1837 878 1915 ponderis.
921 1837 1000 1906 Quae

158 1935 227 1994 ergo
241 1936 316 1974 nova
329 1936 413 1975 causa
423 1917 453 1974 in
465 1924 566 1975 natura
580 1925 623 1975 est
637 1937 709 1994 quae
720 1918 844 1976 declinet
854 1920 1000 1976 atomuml

158 2004 209 2054 aut
222 2016 292 2054 num
307 1998 465 2055 sortiuntur
474 1997 550 2055 inter
564 2017 594 2055 se
609 2017 681 2073 quae
695 1998 825 2070 declinet,
837 2017 909 2075 quae
922 1999 1000 2055 nonl

158 2083 209 2134 aut
232 2096 282 2134 cur
303 2077 426 2135 minimo
451 2077 596 2136 declinent
617 2077 776 2149 intervallo,
791 2079 899 2137 maiore
923 2079 1000 2136 noni

158 2162 208 2214 aut
222 2172 273 2214 cur
286 2157 430 2216 declinent
443 2177 502 2215 uno
516 2158 647 2229 minimo,
657 2177 716 2216 non
731 2157 874 2216 declinent
887 2157 1000 2216 duobus

158 2243 209 2293 aut
224 2236 334 2294 tribusl
374 2238 482 2313 Optare
499 2237 554 2295 hoc
572 2238 688 2315 quidem
705 2245 756 2309 est,
769 2257 828 2294 non
845 2238 998 2314 disputare.

158 2316 206 2373 47.
229 2315 304 2374 Nam
321 2336 414 2394 neque
432 2318 606 2375 extrinsecus
621 2317 774 2394 impulsam
792 2323 922 2375 atomum
936 2317 1000 2374 loco

157 2396 267 2454 moveri
289 2404 318 2454 et
341 2397 480 2455 declinare
503 2397 583 2469 dicis,
603 2416 695 2473 neque
717 2397 748 2453 in
770 2397 820 2454 illo
842 2397 929 2468 inani,
949 2416 1001 2474 per

158 2476 237 2552 quod
251 2477 360 2534 feratur
376 2485 497 2548 atomus
511 2477 662 2554 quicquam
680 2476 770 2534 fuisse
787 2495 887 2534 causae
904 2496 953 2534 cur
967 2495 1000 2534 ca

157 2575 216 2613 non
232 2575 247 2613 e
261 2558 378 2634 regione
392 2558 522 2628 ferretur,
535 2575 588 2614 nec
601 2557 630 2614 in
642 2557 705 2633 ipsa
719 2563 817 2614 atomo
830 2557 1000 2614 mutationis

158 2635 267 2712 aliquid
280 2637 390 2695 iactum
408 2644 451 2695 est
468 2657 553 2714 quam
572 2636 608 2694 ob
626 2655 685 2695 rem
700 2636 858 2694 naturalem
873 2636 917 2693 sui
930 2655 1001 2711 pon-

158 2715 233 2773 deris
247 2722 360 2774 motum
374 2737 433 2774 non
448 2723 564 2775 teneret
607 2712 653 2773 Ita
663 2735 728 2774 cum
740 2716 882 2774 attulisset
892 2716 999 2773 nullam

158 2813 272 2853 causam
287 2813 359 2874 quae
370 2798 455 2855 istam
466 2796 687 2854 declinationem
702 2795 833 2865 efficeret,
845 2802 941 2853 tamen
952 2795 1001 2854 ali-

159 2875 230 2952 quid
244 2875 299 2934 sibi
313 2877 407 2934 dicere
423 2877 545 2947 videtur,
557 2895 623 2934 cum
637 2876 669 2933 id
682 2875 760 2934 dicat
777 2876 856 2952 quod
870 2875 999 2932 omnium

157 2962 269 3014 mentes
284 2964 470 3033 aspernentur
481 2973 513 3014 ac
524 2962 666 3033 respuant.
710 2960 756 3013 48.
776 2955 837 3013 Neo
848 2974 914 3013 vero
926 2957 1000 3032 quis·
1017 3021 1023 3032 ,

159 3053 245 3112 quam
262 3037 354 3114 magis
371 3035 538 3094 confirmare
555 3035 627 3092 mihi
644 3035 758 3093 videtur
774 3055 833 3092 non
850 3035 938 3091 modo
959 3035 1000 3090 fa·

158 3122 230 3187 tum,
245 3135 344 3173 verum
365 3116 452 3174 etiam
473 3116 671 3174 necessitatem
688 3122 717 3173 et
734 3116 793 3173 vim
809 3115 938 3173 omnium
959 3133 1000 3170 re·

158 3196 450 3317 rqupustulisseqne
473 3202 571 3255 motus
595 3195 684 3253 animi
708 3195 892 3266 voluntarios,
913 3213 998 3272 quam
