2224 3446
128 83 175 130 ars
357 139 361 146 ,
461 77 511 127 nu
528 77 630 127 roro.

127 180 190 238 loco
207 177 387 255 Chrysippus
405 186 537 235 aestuans
555 177 617 234 falli
636 183 730 253 sperat
747 176 905 234 Chaldaeos
924 196 966 234 oe

126 265 258 335 torosque
278 257 391 314 divinos
411 276 503 334 neque
523 277 571 316 eos
590 275 690 314 usuros
712 275 771 314 esse
792 257 967 313 coniunctio-

126 338 218 409 nibus,
229 344 261 394 ut
272 337 312 394 ita
327 356 377 394 sua
387 343 521 414 percepta
532 337 720 413 pronuntient
735 337 752 363 “
762 336 792 393 Si
805 336 868 412 quis
882 344 967 393 natus

126 425 169 476 est
191 416 300 475 oriente
317 415 461 484 Canicula,
480 417 504 473 is
521 418 550 473 in
571 417 644 474 mari
660 435 718 474 non
735 415 900 507 morietur,”
916 416 968 472 sed

125 497 223 574 potius
236 497 278 554 ita
290 496 388 554 dicant
406 497 423 523 “
433 495 499 553 Non
514 505 543 554 et
558 504 642 553 natus
656 503 698 553 est
714 497 777 572 quis
791 496 883 553 orient
885 515 900 553 e
871 495 968 552 tCa-

125 576 268 646 niculae
282 576 307 634 is
321 577 350 632 in
368 576 440 632 mari
457 576 559 632 moriet
561 575 621 632 ur''
663 575 690 634 Ο
704 575 798 632 hoen
778 583 848 632 tram
863 575 968 632 iocula-

125 657 205 715 reml
246 655 321 714 Ne
313 675 374 732 rpse
397 655 534 712 incidat'
493 662 557 712 tm
579 655 751 726 Diodorum,
774 655 859 712 docet
883 654 968 712 Chal-

126 736 212 793 daeos
236 755 293 813 quo
317 742 403 811 pacto
428 754 477 792 eos
501 754 646 811 exponere,
666 741 801 811 percepta
825 741 965 811 oporteat.

125 815 237 882 Quaero
254 815 339 885 enirn,
358 815 381 871 si
398 814 535 872 Chaldaei
551 815 592 871 ita
608 814 769 892 loquantur,
787 821 820 871 ιιι
839 813 968 889 negatio-

125 913 175 950 nes
192 893 366 951 infinitarum
385 895 620 952 coniunctionum
636 895 735 971 potius
751 913 837 970 quam
854 892 968 950 infinita

125 993 232 1031 conexa
246 981 363 1050 ponant,
379 993 429 1032 our
445 974 521 1032 idem
536 974 649 1044 medici,
665 993 716 1031 cur
729 980 900 1050 geometrae,
916 993 968 1030 cur

124 1053 226 1129 reliqui
240 1055 332 1110 faeere
347 1073 404 1110 non
420 1054 549 1131 possint?
580 1054 708 1112 Medicus
722 1054 752 1110 in
766 1053 875 1130 primis,
888 1053 968 1129 quod

125 1133 179 1190 erit
195 1133 221 1191 ei
236 1141 417 1209 perspectum
431 1135 460 1190 in
478 1140 546 1203 arte,
558 1153 617 1191 non
634 1135 675 1190 ita
688 1140 832 1209 proponet
846 1132 902 1190 “Si
919 1133 967 1190 cui

125 1233 212 1270 venae
227 1214 267 1270 sic
283 1220 439 1283 moventur,
453 1213 477 1269 is
490 1212 577 1270 habet
591 1212 728 1284 febrem‚”
744 1213 794 1270 sed
804 1214 901 1288 potius
916 1213 967 1269 illo

125 1293 213 1349 modo
229 1294 245 1320 “
255 1293 283 1350 N
285 1313 321 1349 on
337 1293 363 1350 ei
378 1311 463 1350 venae
481 1293 521 1349 sie
536 1301 687 1350 moventur
701 1300 730 1350 et
743 1293 768 1349 is
782 1292 892 1350 febrem
907 1312 966 1348 non

124 1372 238 1430 habet.’'
286 1373 416 1450 Itemque
446 1380 607 1448 geometres
637 1392 695 1429 non
726 1373 767 1430 ita
796 1372 873 1429 dicet
903 1371 967 1427 “ln

125 1452 243 1527 sphaera
265 1453 383 1509 maximi
405 1452 487 1510 orbes
509 1452 599 1510 medii
622 1453 696 1510 inter
720 1472 749 1510 se
769 1450 966 1521 dividuntur,'’

125 1533 173 1589 sed
189 1534 285 1609 potius
299 1532 349 1588 illo
366 1531 453 1589 modo
471 1532 488 1558 “
498 1531 565 1588 Non
583 1539 611 1590 et
625 1539 692 1588 sunt
706 1533 735 1589 in
753 1530 872 1608 sphaera
888 1551 968 1587 max-

124 1612 176 1668 imi
204 1612 286 1669 orbes
314 1621 343 1668 et
367 1612 387 1668 ii
411 1631 470 1668 non
498 1613 587 1669 medii
613 1613 688 1668 inter
715 1631 745 1668 se
769 1610 965 1668 dividuntur.”

126 1697 171 1749 16.
194 1691 271 1760 Quid
288 1699 331 1748 est
348 1691 426 1768 quod
443 1710 500 1748 non
517 1691 609 1768 possit
622 1691 678 1748 isto
700 1691 788 1748 modo
805 1711 839 1748 ex
856 1709 967 1748 conexo

123 1773 271 1828 transferri
291 1772 328 1828 ad
349 1771 583 1828 coniunctionum
605 1771 806 1847 negationem?
846 1769 884 1826 Et
906 1771 967 1847 qui-

124 1851 190 1907 dem
204 1852 266 1908 aliis
280 1851 374 1908 modis
389 1850 502 1907 easdem
516 1869 560 1906 res
574 1851 673 1908 efferre
684 1869 843 1926 possumus.
875 1849 967 1906 Modo

124 1931 183 1986 dixi
201 1929 218 1959 ‘⁶
229 1930 262 1987 ln
280 1930 399 2007 sphaera
416 1930 533 1986 maximi
551 1929 633 1986 orbes
649 1930 738 1986 medii
754 1930 829 1986 inter
849 1947 878 1986 se
896 1929 967 1986 divi·

123 2010 197 2066 dunt
185 2009 256 2066 t:ur’
259 2009 401 2115 ’possum
418 2009 511 2066 dicere
530 2010 546 2035 “
556 2009 611 2065 Si
604 2029 634 2065 ιιι
652 2008 771 2101 sphaera
787 2008 906 2065 maximi
923 2028 968 2064 or-

123 2088 172 2146 bes
187 2096 277 2160 erunt,
280 2089 428 2164 ”possum
444 2089 537 2146 dicere
553 2090 569 2115 “
579 2087 674 2156 Quia
667 2108 697 2145 ιιι
714 2087 833 2165 sphaera
846 2088 966 2144 maximi

123 2169 206 2226 orbes
220 2175 311 2227 eruut.
291 2168 330 2225 ι”
372 2168 446 2224 Mult
434 2175 464 2225 ta
477 2187 581 2244 genera
595 2175 662 2226 sunt
676 2175 765 2225 enunt
753 2167 844 2224 tiandi
858 2186 910 2224 nec
927 2167 967 2223 ul-

123 2248 183 2305 lum
210 2248 359 2306 distortius
384 2267 469 2324 quam
494 2247 557 2318 hoc,
581 2267 638 2324 quo
665 2247 846 2324 Chrysippus
871 2254 966 2323 sperat

123 2329 281 2386 Chaldaeos
295 2335 445 2386 contentos
460 2326 622 2384 Stoicorum
637 2346 721 2384 causa
733 2327 804 2384 fore.

164 2408 216 2466 IX.
261 2408 307 2466 17.
326 2407 446 2464 lllorum
463 2413 560 2462 tamen
576 2425 662 2462 nemo
677 2407 718 2463 ita
730 2406 875 2482 loquitur:
897 2407 967 2462 mai-

123 2507 156 2544 us
174 2495 217 2545 est
234 2488 309 2545 enim
327 2487 378 2542 has
395 2486 590 2543 contortiones
610 2485 746 2543 orationis
766 2505 851 2561 quam
872 2486 967 2558 sicno-

122 2587 185 2623 rum
204 2574 283 2624 ortus
300 2565 452 2642 obitusque
469 2566 635 2641 perdiscere.
679 2565 736 2622 Sed
752 2565 789 2621 ad
803 2565 881 2621 illam
896 2565 967 2622 Di<-

123 2645 186 2701 dori
213 2645 436 2716 contentionem,
459 2664 544 2721 quarn
572 2647 630 2718 περὶ
659 2643 782 2701 δυνατῶν
810 2644 965 2721 appellant,

122 2730 303 2796 revertamur,
319 2724 348 2779 ιιι
367 2743 423 2800 qua
443 2724 513 2799 quid
530 2723 620 2780 valeat
637 2724 675 2794 id,
693 2725 770 2801 quod
786 2723 847 2781 fieri
864 2725 965 2801 possit.

123 2803 290 2877 anquiritur.
332 2803 431 2859 Placet
456 2804 545 2878 igitur
566 2803 698 2861 Diodoro
726 2804 757 2860 id
787 2804 879 2861 solum
904 2803 968 2861 fieri

122 2898 213 2953 posse,
232 2881 310 2956 quod
332 2888 381 2936 aut
395 2900 493 2938 verum
516 2882 553 2937 sit
575 2890 624 2937 aut
646 2903 744 2939 verum
764 2883 895 2940 futurum
919 2885 966 2941 sit.

123 2956 180 3022 Qui
193 2958 315 3015 locust
286 2979 303 3014 a
303 2960 404 3034 ttingit
393 2960 492 3015 thano
507 2969 605 3035 quaest
607 2961 711 3030 ionem,
724 2961 796 3018 nihil
810 2961 871 3018 fieri
886 2963 968 3038 quod

123 3051 181 3088 non
203 3054 316 3091 neeesse
338 3036 478 3106 ιιιιιιιι
450 3039 645 3114 etquidquid
667 3006 727 3098 ficii
748 3041 847 3118 possit,
828 3042 894 3098 tid
915 3050 967 3099 aut

123 3127 183 3164 esse
197 3111 254 3165 iam
272 3120 321 3168 aut
334 3114 381 3170 fut
369 3081 464 3171 turrim
482 3135 550 3185 esse,
566 3136 618 3174 nec
635 3120 727 3193 magis
744 3121 915 3177 commutari
930 3141 967 3180 ex
