2220 3432
361 94 761 158 Llss.1.,CAP.1.‚11.‚§14.
966 99 982 144 s

139 196 327 274 lusophorum
341 197 518 255 dissensione
532 203 673 255 certatur:
692 197 770 274 quod
781 217 847 255 vero
858 197 983 256 maxime

139 297 201 334 rem
212 296 382 354 causamque
391 277 529 347 continet,
539 285 636 335 utrum
647 277 718 334 nihil
733 284 827 354 agant,
841 277 912 335 nihil
923 298 983 335 mo

139 357 254 427 liautnr,
267 359 346 414 omni
360 358 507 414 curatione
522 364 551 415 et
565 357 814 415 administratione
828 377 923 415 rerum
938 377 984 414 va·

138 444 207 495 cent
227 457 263 494 an
284 445 384 495 contra
400 437 436 494 ab
453 438 488 494 iis
504 446 534 495 et
551 457 568 494 a
583 438 726 515 principio
744 437 841 495 omnia
856 438 934 496 facta
954 446 983 496 et

140 518 298 574 constituta
308 518 366 575 sint
376 524 406 574 et
416 517 453 574 ad
464 517 608 574 infinitum
620 524 734 594 tempus
748 525 883 594 regantur
897 524 983 595 atque

140 605 318 668 moveantur,
328 598 358 653 iu
373 597 474 674 primis
488 616 593 674 magna
606 597 745 655 dissensio
760 605 811 667 est,
824 617 913 675 eaque
928 597 983 655 nisi

140 678 323 747 diiudicatur,
335 678 366 734 in
381 697 494 734 summo
509 697 602 735 errore
616 697 729 735 necesse
744 685 787 736 cst
797 677 929 735 homines
943 685 984 735 at

141 757 245 834 quein
262 757 450 814 maximarum
468 777 562 814 rerum
580 759 760 834 ignoratione
779 759 892 816 versari.
943 757 981 816 ΙΙ.

142 845 169 895 3.
189 837 263 894 Sunt
277 837 353 894 enim
368 837 536 914 philosophi
550 845 579 895 et
592 839 711 895 fuerunt
725 839 774 915 qui
789 839 909 896 omnino
923 838 985 895 nul-

142 917 199 974 lam
214 917 318 975 habere
332 924 479 975 censerent
494 917 682 975 humanarum
700 937 792 976 rerum
809 919 984 996 procuratio

142 1017 209 1054 nem
221 997 298 1054 deos.
330 997 460 1066 Quorum
471 997 495 1054 si
506 1016 572 1055 vera
586 998 727 1055 sententia
741 1006 792 1070 est,
805 1017 877 1076 quae
887 1005 985 1076 potest

142 1097 203 1135 esse
217 1077 317 1154 pietas,
330 1097 402 1154 qnae
416 1078 560 1148 sanctitas,
574 1097 645 1154 quae
659 1077 779 1154 religio?
811 1077 892 1136 Haec
906 1079 983 1136 enim

142 1159 241 1214 omnia
251 1177 320 1234 pure
334 1165 419 1234 atque
431 1165 507 1215 caste
517 1157 670 1215 tribuenda
684 1159 803 1215 deorum
817 1159 929 1215 numiui
944 1159 985 1215 ita

143 1245 219 1308 sunt,
232 1238 256 1294 si
270 1238 536 1296 animadvertuntur
550 1237 585 1295 ab
597 1238 633 1294 iis
647 1245 675 1295 et
690 1239 713 1294 si
728 1245 771 1296 est
785 1238 895 1315 aliquid
909 1258 926 1295 a
940 1239 985 1295 dis

143 1318 352 1376 immortalibus
365 1317 516 1375 hominnm
531 1318 628 1395 generi
639 1317 788 1375 tributum.
823 1319 873 1376 Sin
888 1324 984 1375 autem

141 1399 174 1455 di
188 1417 240 1455 nee
254 1405 375 1474 possunt
388 1418 441 1455 nos
455 1399 551 1456 iuvare
562 1417 613 1455 nec
625 1398 725 1454 volunt
738 1417 791 1455 nec
806 1399 924 1455 omnino
939 1417 985 1454 cu-

143 1484 208 1535 rant
228 1497 281 1535 nec
302 1479 372 1555 quid
392 1498 511 1554 agamus
532 1478 763 1535 animadvertunt
777 1497 829 1535 nec
846 1486 889 1535 cst
907 1478 985 1554 quod

143 1558 179 1615 ab
195 1559 229 1614 iis
244 1559 280 1615 ad
293 1558 444 1616 bominum
459 1559 547 1615 vitam
563 1576 728 1634 permanare
741 1559 841 1634 possit,
858 1556 927 1634 quid
942 1565 985 1615 est
1063 1593 1066 1600 «

144 1638 223 1714 quod
240 1638 313 1696 ullos
329 1639 374 1695 dis
395 1638 606 1695 immortalibus
627 1637 728 1708 cultus,
740 1637 871 1709 honores,
887 1657 984 1715 proces

144 1718 352 1776 adhibeamus?
393 1719 426 1775 Iu
452 1719 546 1795 specie
571 1725 668 1775 autem
692 1718 760 1775 ficta
784 1718 982 1790 simulationis

144 1799 219 1856 sicut
233 1798 357 1876 reliquae
371 1799 499 1869 virtutes,
512 1799 582 1856 item
596 1798 689 1875 pietas
699 1798 791 1856 inesse
805 1817 864 1855 non
878 1805 983 1876 potest,

144 1898 210 1936 cum
223 1899 279 1956 qua
292 1879 377 1936 simul
389 1880 569 1936 sanctitatem
581 1886 610 1936 et
620 1878 788 1955 religionem
797 1878 860 1936 tolli
870 1899 985 1937 necesse

144 1967 196 2029 est,
208 1959 312 2035 quibus
323 1959 442 2017 sublatis
452 1959 630 2036 perturbatio
641 1959 716 2015 vitae
731 1959 860 2036 sequitur
868 1966 897 2016 et
908 1979 986 2036 mag-

144 2059 182 2096 na
192 2039 333 2096 confusio.
377 2044 403 2096 4.
424 2039 520 2116 Atque
529 2038 607 2096 haud
618 2039 677 2095 scio
687 2057 723 2095 an
734 2039 840 2116 pietate
851 2039 985 2097 adversus

145 2117 214 2176 deos
236 2119 346 2176 sublata
360 2118 430 2176 fides
448 2120 533 2177 etiam
552 2127 581 2176 et
598 2119 718 2176 societas
738 2120 850 2195 generis
867 2120 985 2176 humani

145 2207 175 2256 et
189 2218 245 2256 nna
259 2199 496 2257 excellentissima
510 2200 607 2269 virtus,
621 2199 738 2270 iustitia,
751 2199 876 2257 tollatur.
911 2199 986 2257 Sunt

144 2287 241 2336 autem
256 2279 305 2336 alii
319 2280 485 2356 philosophi
502 2287 531 2337 et
548 2280 569 2336 ii
586 2279 702 2356 quidem
719 2281 817 2356 magni
835 2287 919 2357 atque
938 2300 986 2336 no-

145 2358 223 2429 biles,
237 2360 286 2436 qui
301 2360 419 2417 deorum
436 2367 533 2417 mente
550 2367 635 2436 atquc
650 2359 760 2416 ratione
775 2379 890 2417 omnem
905 2378 986 2416 mun-

145 2438 214 2495 dum
230 2439 423 2497 administrari
438 2447 466 2496 et
480 2441 539 2516 regi
557 2446 698 2510 censeant,
711 2459 803 2517 neque
818 2460 883 2497 vero
898 2439 929 2496 id
944 2459 987 2496 so·

145 2519 214 2589 lum,
227 2519 278 2576 sed
295 2521 382 2578 ctiam
403 2519 438 2576 ab
455 2520 558 2578 iisdem
572 2520 724 2577 hominum
739 2522 813 2577 vitae
830 2520 940 2577 consuli
957 2527 987 2576 et

145 2599 307 2676 provideri:
330 2620 396 2657 nam
415 2608 444 2657 et
457 2600 557 2677 fruges
577 2608 606 2676 et
622 2600 739 2677 reliqua,
753 2619 825 2677 quac
844 2606 918 2657 terra
938 2619 987 2676 pa-

146 2680 208 2750 riat,
221 2687 251 2736 et
264 2687 450 2757 tempestates
467 2701 499 2738 aa
512 2689 677 2758 temporum
691 2681 841 2737 varietates
859 2679 986 2756 caelique

146 2760 329 2831 mutationes,
342 2761 446 2838 quibus
467 2761 571 2831 omnia,
585 2780 656 2838 quae
677 2768 751 2818 terra
771 2761 880 2836 gignat,
895 2767 987 2816 matu-

146 2847 208 2897 rata
221 2841 415 2916 pubescente
430 2842 475 2899 dis
492 2841 701 2898 immortalibus
715 2840 803 2897 tribui
824 2840 921 2915 generi
936 2840 987 2896 hu-

147 2939 233 2977 mano
252 2929 364 2997 putant,
374 2920 529 2998 multaque,
543 2941 616 2998 quae
636 2921 767 2978 dicentur
784 2921 813 2976 in
831 2920 876 2976 his
897 2919 984 2987 libris,

148 2999 295 3076 colligunt,
309 3021 380 3078 quae
391 3001 459 3058 talia
469 3008 544 3070 sunt,
554 3007 585 3058 ut
600 3020 632 3058 ea
647 3002 708 3078 ipsa
719 3001 749 3056 di
761 2999 935 3056 immortales
950 2999 986 3054 ad

148 3099 231 3137 usum
248 3080 398 3138 hominum
417 3081 548 3138 fabricati
569 3099 659 3156 paene
676 3079 832 3136 videantur.
878 3079 986 3135 Contra

149 3178 221 3235 quos
230 3159 389 3282 gemendos
400 3161 441 3218 ita
450 3161 542 3218 multa
552 3159 694 3225 disseruit,
704 3166 737 3216 ut
751 3159 886 3215 excitaret
895 3157 986 3213 homi·
