2220 3432
279 105 348 155 Lm.
365 105 398 166 1.,
415 104 492 155 cnr.
511 101 785 167 XXV111.-xxi<.,§
800 107 888 154 roes.
973 107 1004 154 ει

105 261 106 266 ,
165 207 291 285 Argivis,
304 207 359 264 alia
372 206 534 264 Lanuvinis.
569 206 608 263 Et
623 206 739 283 quidem
757 205 811 262 alia
824 206 908 263 nobis
922 205 1007 283 Capi-

164 288 258 360 tolini,
271 287 326 345 alia
339 287 420 344 Afris
435 287 608 344 Hammonis
622 285 707 343 Iovis.
734 285 842 342 XXX.
877 291 922 343 83.
938 286 1005 344 Non

164 369 256 445 pudet
273 368 362 445 igitur
381 366 542 444 physicum,
555 367 586 423 id
602 373 653 437 est,
669 365 876 442 speculatorem
893 373 1007 423 venato·

164 467 283 525 remque
297 454 422 517 naturae,
434 445 470 503 ab
484 447 588 503 animis
605 446 811 504 consuetudine
826 445 945 504 imbutis
959 466 1007 523 pe-

164 536 225 586 tere
239 527 438 585 testimouium
453 526 598 584 veritatis?
640 526 700 583 isto
717 526 793 584 enim
808 527 897 584 modo
912 527 1006 583 dicere

164 607 264 665 licebit
280 607 379 665 Iovem
400 625 513 683 semper
530 604 690 676 barbatum,
705 605 872 682 Apollinem
894 625 1007 683 semper

164 687 332 759 imberbem,
348 687 455 744 caesios
483 686 581 743 oculos
609 685 761 757 Minervae,
777 686 920 744 caeruleos
945 706 1006 744 esse

165 767 304 844 Neptuni.
346 766 385 824 Et
412 766 529 844 quidem
551 766 701 823 laudamus
724 761 857 844 [scilieet]
881 766 1006 824 Athenis

164 847 337 918 Volcanum,
349 866 415 904 eum
433 866 518 922 quem
535 846 605 903 fecit
621 845 796 917 Alcamenes,
809 847 838 903 iu
856 866 914 923 quo
931 853 1006 903 sten-

164 934 195 983 te
214 934 300 1004 atque
316 927 421 985 vestito
440 927 540 984 leviter
558 934 676 1003 apparet
694 926 864 984 claudicatio
883 946 941 984 non
959 927 1006 984 de-

165 1007 282 1064 formis:
305 1006 438 1064 claudum
459 1007 549 1084 igitur
569 1006 737 1064 habebimus
758 1006 853 1078 deum,
869 1006 1005 1084 quoniam

165 1087 202 1144 de
222 1086 352 1144 Volcano
375 1087 416 1144 sie
438 1089 608 1163 accepimus.
650 1087 716 1162 Age
740 1093 770 1144 et
792 1086 838 1143 his
860 1086 1006 1144 vocabulis

164 1186 226 1224 esse
240 1167 310 1224 deos
323 1167 471 1238 faciamus,
484 1166 588 1244 quibus
602 1186 619 1223 a
632 1167 716 1224 nobis
729 1167 922 1226 nominantur.
958 1171 1004 1224 84.

164 1247 208 1304 At
221 1247 348 1324 primum
363 1254 434 1325 quot
448 1246 599 1304 hominum
613 1247 737 1323 linguae,
749 1254 795 1304 tot
808 1247 927 1303 nomina
940 1246 1007 1304 deo·

164 1346 238 1384 rum.
273 1327 340 1384 Non
355 1328 441 1398 enim,
451 1334 484 1384 ut
498 1334 530 1384 tu
542 1327 678 1397 Velleius„
691 1345 872 1404 quocumque
886 1327 1005 1397 veneris,

165 1407 206 1463 sic
221 1407 298 1464 idem
313 1407 343 1464 in
357 1407 441 1464 Italia
454 1406 608 1477 Volcanus,
621 1406 699 1463 idem
716 1407 747 1463 in
761 1406 869 1477 Africa,
881 1405 958 1462 idem
975 1406 1006 1462 in

165 1486 315 1563 Hispania
360 1486 474 1544 Deinde
490 1487 642 1543 nominum
659 1505 717 1543 non
735 1505 856 1562 magnus
872 1504 1007 1542 numerus

165 1586 202 1624 ne
213 1567 243 1624 in
258 1566 413 1644 pontificiis
428 1566 544 1643 quidem
558 1566 672 1637 nostris,
685 1566 804 1623 deorum
819 1571 914 1622 autem
926 1565 1008 1622 innu-

165 1647 317 1704 merabilis.
356 1648 404 1704 An
419 1647 479 1704 sinc
493 1646 660 1704 nominibus
674 1647 757 1703 suntl
793 1645 876 1703 Istud
890 1645 1006 1722 quidem

165 1727 298 1784 itavobis
312 1727 404 1785 dicere
419 1746 532 1784 necesse
547 1733 598 1784 est.
633 1725 710 1794 Quid
724 1725 800 1783 enim
816 1726 928 1798 attinet,
941 1745 1007 1784 cum

165 1827 223 1864 una
234 1807 322 1865 facies
332 1808 377 1879 sit,
387 1807 470 1884 plura
480 1826 540 1864 esse
550 1806 686 1864 nominat
716 1806 809 1875 Quam
820 1806 925 1864 bellum
937 1814 1006 1878 erat,

166 1887 268 1957 Vellei,
284 1887 413 1945 confiteri
434 1887 532 1964 potius
554 1887 662 1944 nescire
682 1886 760 1963 quod
780 1887 903 1944 nescires
921 1906 1007 1964 quam

166 1969 222 2025 ista
233 1968 412 2025 effutientem
422 1987 557 2025 nauseare
572 1974 657 2044 atque
668 1967 763 2043 ipsum
775 1965 828 2023 sibi
840 1966 1008 2044 displiceret

166 2047 215 2104 An
229 2055 262 2105 tu
276 2048 334 2105 mei
351 2048 474 2105 similem
491 2056 575 2123 putas
592 2066 652 2104 esse
669 2054 719 2104 aut
732 2047 777 2103 tui
794 2046 898 2104 deuml
939 2047 1008 2104 Pro-

165 2129 244 2185 fecto
255 2147 314 2184 non
324 2134 416 2204 putas.
451 2126 528 2195 Quid
542 2129 630 2204 ergol
646 2127 734 2184 solem
746 2127 839 2184 dicam
850 2134 900 2184 aut
910 2125 1007 2184 lunam

167 2215 218 2265 aut
231 2206 340 2266 caelum
355 2207 459 2266 deum?
491 2208 569 2284 Ergo
584 2207 670 2264 etiam
682 2207 817 2264 beatum?
835 2207 939 2284 quibus
949 2207 1008 2263 fru-

166 2295 263 2345 entem
277 2287 492 2365 voluptatibus?
525 2287 564 2344 Et
578 2287 755 2364 sapientem?
772 2287 821 2364 qui
835 2293 932 2363 potest
946 2306 1007 2343 esse

166 2368 197 2424 in
218 2368 279 2425 eius
299 2368 380 2425 modi
400 2375 502 2425 trunco
523 2368 683 2445 sapientiai
723 2367 804 2424 Haec
818 2374 911 2424 vestra
931 2374 1006 2423 sunt.

168 2454 214 2504 85.
234 2447 266 2505 Si
283 2447 372 2524 igitur
392 2466 444 2504 nee
461 2447 588 2505 humano
605 2492 612 2505 .
628 2491 635 2504 .
651 2492 658 2505 .
675 2448 754 2525 quod
774 2447 868 2516 docui,
883 2465 935 2503 nee
956 2446 1007 2503 tali

167 2527 273 2604 alique,
286 2528 364 2605 quod
378 2527 432 2584 tibi
446 2528 487 2585 ita
501 2547 666 2604 persuasum
684 2535 734 2597 est,
748 2527 818 2605 quid
831 2526 946 2583 dubitas
960 2545 1008 2583 ne-

166 2626 234 2682 gare
250 2607 319 2664 deos
333 2609 411 2664 essel
452 2608 519 2664 Non
534 2608 628 2665 audes.
672 2606 821 2683 Sapienter
835 2605 866 2662 id
880 2605 1006 2682 quidem.

166 2687 232 2744 Etsi
245 2686 300 2745 hoe
314 2687 378 2744 loco
399 2707 458 2745 non
479 2686 619 2765 populum
637 2688 750 2757 metuiS,
763 2686 813 2743 sed
829 2686 908 2762 ipsos
928 2685 1005 2744 deos.

167 2767 245 2824 Novi
256 2786 310 2844 ego
320 2767 475 2844 Epicureos
487 2768 584 2824 omnia
594 2766 687 2843 sigilla
698 2773 894 2823 numerantes:
911 2785 1009 2843 quam·

168 2866 254 2924 quam
269 2847 354 2904 video
369 2866 426 2903 non
443 2847 529 2904 nullis
542 2847 632 2904 videri
647 2846 811 2922 Epicurum,
824 2864 859 2903 ne
873 2847 903 2903 in
919 2847 1008 2903 offen-

168 2928 279 2984 sionem
293 2926 514 2984 Atheniensium
529 2927 650 2996 caderet,
662 2926 756 2981 verbis
769 2926 914 3002 reliquisse
928 2926 1007 2996 deos,

167 3026 198 3063 re
215 3006 369 3064 sustulisse.
412 3006 514 3083 Itaque
534 3005 638 3063 inillis
659 3004 770 3061 selectis
790 3005 850 3061 eius
864 3005 1009 3064 brevibus-

169 3105 224 3162 que
246 3086 403 3158 sententiis,
417 3106 487 3163 quas
507 3085 657 3161 appellatis
674 3089 765 3158 κυρίας
782 3081 870 3155 δόξας,
882 3085 959 3155 haec,
975 3091 1009 3140 ut

169 3167 281 3242 opinor,
293 3167 388 3242 prima
408 3166 551 3224 sententia
570 3171 630 3220 est:
649 3162 762 3231 “Quod
779 3163 893 3221 beatum
911 3171 940 3221 et
957 3164 1008 3220 im·

1030 3293 1096 3378 A
