<?xml version="1.0" encoding="UTF-8"?>
<!DOCTYPE html PUBLIC "-//W3C//DTD XHTML 1.0 Transitional//EN"
    "http://www.w3.org/TR/xhtml1/DTD/xhtml1-transitional.dtd">
<html xmlns="http://www.w3.org/1999/xhtml" xml:lang="en" lang="en">
 <head>
  <title>
</title>
<meta http-equiv="Content-Type" content="text/html;charset=utf-8" />
  <meta name='ocr-system' content='tesseract 3.04.00' />
  <meta name='ocr-capabilities' content='ocr_page ocr_carea ocr_par ocr_line ocrx_word'/>
</head>
<body>
  <div class='ocr_page' id='page_1' title='image "./mtulliiciceroni106cicegoog/mtulliiciceroni106cicegoog_0195.png"; bbox 0 0 2224 3446; ppageno 0'>
   <div class='ocr_carea' id='block_1_1' title="bbox 138 133 715 184">
    <p class='ocr_par' dir='ltr' id='par_1_1' title="bbox 138 133 715 184">
     <span class='ocr_line' id='line_1_1' title="bbox 138 133 715 184; baseline -0.003 0"><span class='ocrx_word' id='word_1_1' title='bbox 138 137 185 184; x_wconf 82' lang='lat'><strong>184</strong></span> <span class='ocrx_word' id='word_1_2' title='bbox 397 134 446 184; x_wconf 80' lang='lat' dir='ltr'><strong>DII</strong></span> <span class='ocrx_word' id='word_1_3' title='bbox 464 133 715 184; x_wconf 84' lang='lat' dir='ltr'>DIVINATIONE.</span> 
     </span>
    </p>
   </div>
   <div class='ocr_carea' id='block_1_2' title="bbox 136 234 983 792">
    <p class='ocr_par' dir='ltr' id='par_1_2' title="bbox 136 234 983 792">
     <span class='ocr_line' id='line_1_2' title="bbox 137 234 982 313; baseline -0.002 -19"><span class='ocrx_word' id='word_1_4' title='bbox 137 237 167 294; x_wconf 92' lang='lat' dir='ltr'><strong>in</strong></span> <span class='ocrx_word' id='word_1_5' title='bbox 191 237 255 313; x_wconf 84' lang='lat' dir='ltr'><strong>ipso</strong></span> <span class='ocrx_word' id='word_1_6' title='bbox 276 234 401 292; x_wconf 90' lang='lat' dir='ltr'><strong>Romulo</strong></span> <span class='ocrx_word' id='word_1_7' title='bbox 421 235 492 292; x_wconf 89' lang='lat' dir='ltr'><strong>haec</strong></span> <span class='ocrx_word' id='word_1_8' title='bbox 515 235 656 292; x_wconf 81' lang='lat' dir='ltr'>calliditas</span> <span class='ocrx_word' id='word_1_9' title='bbox 682 254 742 292; x_wconf 88' lang='lat' dir='ltr'><strong>esse</strong></span> <span class='ocrx_word' id='word_1_10' title='bbox 763 235 868 312; x_wconf 89' lang='lat' dir='ltr'><strong>potuit,</strong></span> <span class='ocrx_word' id='word_1_11' title='bbox 887 241 919 291; x_wconf 92' lang='lat' dir='ltr'><strong>ut</strong></span> <span class='ocrx_word' id='word_1_12' title='bbox 943 234 982 292; x_wconf 87' lang='lat' dir='ltr'><strong>ad</strong></span> 
     </span>
     <span class='ocr_line' id='line_1_3' title="bbox 136 314 979 392; baseline -0.004 -18"><span class='ocrx_word' id='word_1_13' title='bbox 136 335 260 374; x_wconf 89' lang='lat' dir='ltr'><strong>errorem</strong></span> <span class='ocrx_word' id='word_1_14' title='bbox 281 315 476 373; x_wconf 84' lang='lat' dir='ltr'><strong>multitudinis</strong></span> <span class='ocrx_word' id='word_1_15' title='bbox 497 315 645 392; x_wconf 82' lang='lat' dir='ltr'><strong>religionis</strong></span> <span class='ocrx_word' id='word_1_16' title='bbox 664 315 814 372; x_wconf 88' lang='lat' dir='ltr'><strong>simulacra</strong></span> <span class='ocrx_word' id='word_1_17' title='bbox 830 314 979 391; x_wconf 77' lang='lat' dir='ltr'><strong>fingerent.</strong></span> 
     </span>
     <span class='ocr_line' id='line_1_4' title="bbox 137 394 982 472; baseline -0.005 -18"><span class='ocrx_word' id='word_1_18' title='bbox 137 396 194 454; x_wconf 89' lang='lat' dir='ltr'><strong>Sed</strong></span> <span class='ocrx_word' id='word_1_19' title='bbox 208 395 360 453; x_wconf 84' lang='lat' dir='ltr'><strong>difficultas</strong></span> <span class='ocrx_word' id='word_1_20' title='bbox 377 395 513 472; x_wconf 84' lang='lat' dir='ltr'><strong>laborque</strong></span> <span class='ocrx_word' id='word_1_21' title='bbox 530 395 660 453; x_wconf 87' lang='lat' dir='ltr'><strong>discendi</strong></span> <span class='ocrx_word' id='word_1_22' title='bbox 676 395 812 452; x_wconf 80' lang='lat' dir='ltr'><strong>disertam</strong></span> <span class='ocrx_word' id='word_1_23' title='bbox 830 394 982 470; x_wconf 79' lang='lat' dir='ltr'><strong>neglegen-</strong></span> 
     </span>
     <span class='ocr_line' id='line_1_5' title="bbox 137 473 981 548; baseline -0.006 -14"><span class='ocrx_word' id='word_1_24' title='bbox 137 477 207 534; x_wconf 84' lang='lat' dir='ltr'><strong>tiam</strong></span> <span class='ocrx_word' id='word_1_25' title='bbox 224 476 357 533; x_wconf 81' lang='lat' dir='ltr'><strong>reddidit.</strong></span> <span class='ocrx_word' id='word_1_26' title='bbox 400 475 513 548; x_wconf 78' lang='lat' dir='ltr'><strong>Malunt</strong></span> <span class='ocrx_word' id='word_1_27' title='bbox 530 475 607 532; x_wconf 91' lang='lat' dir='ltr'><strong>enim</strong></span> <span class='ocrx_word' id='word_1_28' title='bbox 625 475 761 532; x_wconf 87' lang='lat' dir='ltr'><strong>disserere</strong></span> <span class='ocrx_word' id='word_1_29' title='bbox 784 473 854 531; x_wconf 88' lang='lat' dir='ltr'><strong>nibil</strong></span> <span class='ocrx_word' id='word_1_30' title='bbox 872 493 932 530; x_wconf 87' lang='lat' dir='ltr'><strong>esse</strong></span> <span class='ocrx_word' id='word_1_31' title='bbox 949 475 981 529; x_wconf 95' lang='lat' dir='ltr'><strong>in</strong></span> 
     </span>
     <span class='ocr_line' id='line_1_6' title="bbox 136 553 983 633; baseline -0.005 -20"><span class='ocrx_word' id='word_1_32' title='bbox 136 557 270 633; x_wconf 79' lang='lat' dir='ltr'><strong>auspiciis</strong></span> <span class='ocrx_word' id='word_1_33' title='bbox 285 574 371 632; x_wconf 90' lang='lat' dir='ltr'><strong>quam</strong></span> <span class='ocrx_word' id='word_1_34' title='bbox 387 556 457 632; x_wconf 93' lang='lat' dir='ltr'><strong>quid</strong></span> <span class='ocrx_word' id='word_1_35' title='bbox 472 556 509 612; x_wconf 91' lang='lat' dir='ltr'><strong>sit</strong></span> <span class='ocrx_word' id='word_1_36' title='bbox 523 556 655 612; x_wconf 85' lang='lat' dir='ltr'><strong>ediscere.</strong></span> <span class='ocrx_word' id='word_1_37' title='bbox 697 561 762 612; x_wconf 92' lang='grc'><strong>106.</strong></span> <span class='ocrx_word' id='word_1_38' title='bbox 781 554 860 623; x_wconf 79' lang='lat' dir='ltr'><strong>Quid</strong></span> <span class='ocrx_word' id='word_1_39' title='bbox 873 561 917 610; x_wconf 88' lang='lat' dir='ltr'><strong>est</strong></span> <span class='ocrx_word' id='word_1_40' title='bbox 931 553 983 610; x_wconf 91' lang='lat' dir='ltr'><strong>illo</strong></span> 
     </span>
     <span class='ocr_line' id='line_1_7' title="bbox 136 633 983 712; baseline -0.004 -19"><span class='ocrx_word' id='word_1_41' title='bbox 136 637 263 712; x_wconf 87' lang='lat' dir='ltr'><strong>auspicio</strong></span> <span class='ocrx_word' id='word_1_42' title='bbox 278 635 410 706; x_wconf 88' lang='lat' dir='ltr'><strong>divinius,</strong></span> <span class='ocrx_word' id='word_1_43' title='bbox 422 635 500 712; x_wconf 93' lang='lat' dir='ltr'><strong>quod</strong></span> <span class='ocrx_word' id='word_1_44' title='bbox 511 635 589 712; x_wconf 90' lang='lat' dir='ltr'><strong>apud</strong></span> <span class='ocrx_word' id='word_1_45' title='bbox 600 642 628 692; x_wconf 88' lang='lat' dir='ltr'><strong>te</strong></span> <span class='ocrx_word' id='word_1_46' title='bbox 641 635 669 691; x_wconf 93' lang='lat' dir='ltr'><strong>in</strong></span> <span class='ocrx_word' id='word_1_47' title='bbox 686 633 777 692; x_wconf 91' lang='lat' dir='ltr'><strong>Mario</strong></span> <span class='ocrx_word' id='word_1_48' title='bbox 792 635 853 692; x_wconf 80' lang='lat' dir='ltr'><strong>estl</strong></span> <span class='ocrx_word' id='word_1_49' title='bbox 874 641 907 691; x_wconf 94' lang='lat' dir='ltr'><strong>ut</strong></span> <span class='ocrx_word' id='word_1_50' title='bbox 918 641 983 691; x_wconf 86' lang='lat' dir='ltr'><strong>utar</strong></span> 
     </span>
     <span class='ocr_line' id='line_1_8' title="bbox 136 716 509 792; baseline -0.005 -18"><span class='ocrx_word' id='word_1_51' title='bbox 136 716 320 792; x_wconf 89' lang='lat' dir='ltr'><strong>potissimum</strong></span> <span class='ocrx_word' id='word_1_52' title='bbox 333 722 363 772; x_wconf 91' lang='lat' dir='ltr'><strong>te</strong></span> <span class='ocrx_word' id='word_1_53' title='bbox 378 722 509 772; x_wconf 86' lang='lat' dir='ltr'><strong>auctore:</strong></span> 
     </span>
    </p>
   </div>
   <div class='ocr_carea' id='block_1_3' title="bbox 233 871 944 1718">
    <p class='ocr_par' dir='ltr' id='par_1_3' title="bbox 233 871 944 1652">
     <span class='ocr_line' id='line_1_9' title="bbox 234 871 795 934; baseline 0 -14"><span class='ocrx_word' id='word_1_54' title='bbox 234 872 284 920; x_wconf 86' lang='lat' dir='ltr'><strong>Hic</strong></span> <span class='ocrx_word' id='word_1_55' title='bbox 297 871 364 920; x_wconf 88' lang='lat' dir='ltr'><strong>Iovis</strong></span> <span class='ocrx_word' id='word_1_56' title='bbox 375 871 473 920; x_wconf 89' lang='lat' dir='ltr'><strong>altisoni</strong></span> <span class='ocrx_word' id='word_1_57' title='bbox 485 871 567 920; x_wconf 90' lang='lat' dir='ltr'><strong>subito</strong></span> <span class='ocrx_word' id='word_1_58' title='bbox 578 883 687 934; x_wconf 87' lang='lat' dir='ltr'><strong>pennata</strong></span> <span class='ocrx_word' id='word_1_59' title='bbox 698 871 795 920; x_wconf 83' lang='lat' dir='ltr'><strong>satelles</strong></span> 
     </span>
     <span class='ocr_line' id='line_1_10' title="bbox 233 938 784 999; baseline 0 -15"><span class='ocrx_word' id='word_1_60' title='bbox 233 938 338 985; x_wconf 81' lang='lat' dir='ltr'><strong>Arboris</strong></span> <span class='ocrx_word' id='word_1_61' title='bbox 349 952 363 985; x_wconf 90' lang='lat' dir='ltr'><strong>e</strong></span> <span class='ocrx_word' id='word_1_62' title='bbox 375 947 462 985; x_wconf 89' lang='lat' dir='ltr'><strong>truueo</strong></span> <span class='ocrx_word' id='word_1_63' title='bbox 474 938 594 999; x_wconf 88' lang='lat' dir='ltr'><strong>serpentis</strong></span> <span class='ocrx_word' id='word_1_64' title='bbox 605 938 690 985; x_wconf 85' lang='lat' dir='ltr'><strong>saucia</strong></span> <span class='ocrx_word' id='word_1_65' title='bbox 701 951 784 985; x_wconf 87' lang='lat' dir='ltr'><strong>nrorsu</strong></span> 
     </span>
     <span class='ocr_line' id='line_1_11' title="bbox 234 1001 892 1064; baseline 0.002 -15"><span class='ocrx_word' id='word_1_66' title='bbox 234 1001 345 1063; x_wconf 78' lang='lat' dir='ltr'><strong>Subrigit</strong></span> <span class='ocrx_word' id='word_1_67' title='bbox 356 1003 410 1064; x_wconf 87' lang='lat' dir='ltr'><strong>ipsa</strong></span> <span class='ocrx_word' id='word_1_68' title='bbox 421 1002 478 1050; x_wconf 85' lang='lat' dir='ltr'><strong>feris</strong></span> <span class='ocrx_word' id='word_1_69' title='bbox 490 1003 637 1062; x_wconf 78' lang='lat' dir='ltr'><strong>transfigens</strong></span> <span class='ocrx_word' id='word_1_70' title='bbox 650 1002 773 1063; x_wconf 85' lang='lat' dir='ltr'><strong>unguibus</strong></span> <span class='ocrx_word' id='word_1_71' title='bbox 785 1015 892 1062; x_wconf 85' lang='lat' dir='ltr'><strong>anguem</strong></span> 
     </span>
     <span class='ocr_line' id='line_1_12' title="bbox 233 1067 904 1128; baseline -0.001 -12"><span class='ocrx_word' id='word_1_72' title='bbox 233 1068 410 1116; x_wconf 80' lang='lat' dir='ltr'><strong>Semianimum</strong></span> <span class='ocrx_word' id='word_1_73' title='bbox 423 1068 525 1116; x_wconf 81' lang='lat' dir='ltr'><strong>etruria</strong></span> <span class='ocrx_word' id='word_1_74' title='bbox 536 1068 644 1128; x_wconf 75' lang='lat' dir='ltr'><strong>graviter·</strong></span> <span class='ocrx_word' id='word_1_75' title='bbox 656 1068 750 1116; x_wconf 80' lang='lat' dir='ltr'><strong>cervice</strong></span> <span class='ocrx_word' id='word_1_76' title='bbox 762 1067 904 1115; x_wconf 81' lang='lat' dir='ltr'><strong>micantem.</strong></span> 
     </span>
     <span class='ocr_line' id='line_1_13' title="bbox 234 1133 944 1194; baseline 0 -14"><span class='ocrx_word' id='word_1_77' title='bbox 234 1133 314 1192; x_wconf 85' lang='lat' dir='ltr'><strong>Quem</strong></span> <span class='ocrx_word' id='word_1_78' title='bbox 327 1148 353 1180; x_wconf 89' lang='lat' dir='ltr'><strong>se</strong></span> <span class='ocrx_word' id='word_1_79' title='bbox 365 1134 545 1194; x_wconf 86' lang='lat' dir='ltr'><strong>intorquentem</strong></span> <span class='ocrx_word' id='word_1_80' title='bbox 559 1133 655 1180; x_wconf 90' lang='lat' dir='ltr'><strong>lauians</strong></span> <span class='ocrx_word' id='word_1_81' title='bbox 668 1142 795 1194; x_wconf 88' lang='lat' dir='ltr'><strong>rostroque</strong></span> <span class='ocrx_word' id='word_1_82' title='bbox 805 1141 944 1194; x_wconf 88' lang='lat' dir='ltr'><strong>cruentans,</strong></span> 
     </span>
     <span class='ocr_line' id='line_1_14' title="bbox 234 1198 834 1258; baseline 0 -12"><span class='ocrx_word' id='word_1_83' title='bbox 234 1199 289 1246; x_wconf 88' lang='lat' dir='ltr'><strong>laru</strong></span> <span class='ocrx_word' id='word_1_84' title='bbox 301 1198 391 1246; x_wconf 87' lang='lat' dir='ltr'><strong>satiata</strong></span> <span class='ocrx_word' id='word_1_85' title='bbox 402 1199 505 1258; x_wconf 86' lang='lat' dir='ltr'><strong>animos,</strong></span> <span class='ocrx_word' id='word_1_86' title='bbox 517 1199 565 1246; x_wconf 86' lang='lat' dir='ltr'><strong>iam</strong></span> <span class='ocrx_word' id='word_1_87' title='bbox 579 1199 654 1246; x_wconf 90' lang='lat' dir='ltr'><strong>duros</strong></span> <span class='ocrx_word' id='word_1_88' title='bbox 667 1198 719 1246; x_wconf 87' lang='lat' dir='ltr'><strong>ulta</strong></span> <span class='ocrx_word' id='word_1_89' title='bbox 730 1198 834 1257; x_wconf 67' lang='lat' dir='ltr'><strong>dolores</strong></span> 
     </span>
     <span class='ocr_line' id='line_1_15' title="bbox 234 1263 870 1324; baseline -0.003 -12"><span class='ocrx_word' id='word_1_90' title='bbox 234 1264 319 1312; x_wconf 83' lang='lat' dir='ltr'><strong>Abicit</strong></span> <span class='ocrx_word' id='word_1_91' title='bbox 330 1263 454 1312; x_wconf 86' lang='lat' dir='ltr'><strong>efflantem</strong></span> <span class='ocrx_word' id='word_1_92' title='bbox 465 1272 491 1312; x_wconf 91' lang='lat' dir='ltr'><strong>et</strong></span> <span class='ocrx_word' id='word_1_93' title='bbox 502 1264 638 1312; x_wconf 88' lang='lat' dir='ltr'><strong>laceratum</strong></span> <span class='ocrx_word' id='word_1_94' title='bbox 649 1263 745 1322; x_wconf 71' lang='lat' dir='ltr'><strong>adfligit</strong></span> <span class='ocrx_word' id='word_1_95' title='bbox 756 1263 781 1310; x_wconf 92' lang='lat' dir='ltr'><strong>in</strong></span> <span class='ocrx_word' id='word_1_96' title='bbox 794 1263 870 1324; x_wconf 84' lang='lat' dir='ltr'><strong>undu,</strong></span> 
     </span>
     <span class='ocr_line' id='line_1_16' title="bbox 233 1329 862 1392; baseline 0 -16"><span class='ocrx_word' id='word_1_97' title='bbox 233 1330 315 1392; x_wconf 67' lang='lat' dir='ltr'><strong>Seque</strong></span> <span class='ocrx_word' id='word_1_98' title='bbox 326 1329 395 1376; x_wconf 91' lang='lat' dir='ltr'><strong>obitu</strong></span> <span class='ocrx_word' id='word_1_99' title='bbox 405 1343 422 1376; x_wconf 85' lang='lat' dir='ltr'><strong>a</strong></span> <span class='ocrx_word' id='word_1_100' title='bbox 433 1329 491 1377; x_wconf 90' lang='lat' dir='ltr'><strong>solis</strong></span> <span class='ocrx_word' id='word_1_101' title='bbox 503 1329 594 1377; x_wconf 89' lang='lat' dir='ltr'><strong>nitidos</strong></span> <span class='ocrx_word' id='word_1_102' title='bbox 607 1331 728 1377; x_wconf 82' lang='lat' dir='ltr'><strong>conuertit</strong></span> <span class='ocrx_word' id='word_1_103' title='bbox 740 1329 772 1376; x_wconf 90' lang='lat' dir='ltr'><strong>ad</strong></span> <span class='ocrx_word' id='word_1_104' title='bbox 785 1340 862 1376; x_wconf 83' lang='lat' dir='ltr'><strong>ortus.</strong></span> 
     </span>
     <span class='ocr_line' id='line_1_17' title="bbox 234 1393 895 1456; baseline -0.002 -15"><span class='ocrx_word' id='word_1_105' title='bbox 234 1394 308 1442; x_wconf 85' lang='lat' dir='ltr'><strong>lianc</strong></span> <span class='ocrx_word' id='word_1_106' title='bbox 320 1394 363 1441; x_wconf 91' lang='lat' dir='ltr'><strong>ubi</strong></span> <span class='ocrx_word' id='word_1_107' title='bbox 374 1394 529 1456; x_wconf 82' lang='lat' dir='ltr'><strong>praepetibus</strong></span> <span class='ocrx_word' id='word_1_108' title='bbox 540 1395 627 1456; x_wconf 89' lang='lat' dir='ltr'><strong>pennis</strong></span> <span class='ocrx_word' id='word_1_109' title='bbox 639 1394 758 1456; x_wconf 86' lang='lat' dir='ltr'><strong>lapsuque</strong></span> <span class='ocrx_word' id='word_1_110' title='bbox 771 1393 895 1442; x_wconf 86' lang='lat' dir='ltr'><strong>rotantem</strong></span> 
     </span>
     <span class='ocr_line' id='line_1_18' title="bbox 234 1459 792 1522; baseline -0.004 -14"><span class='ocrx_word' id='word_1_111' title='bbox 234 1460 371 1522; x_wconf 83' lang='lat' dir='ltr'><strong>Conspexit</strong></span> <span class='ocrx_word' id='word_1_112' title='bbox 382 1459 485 1519; x_wconf 89' lang='lat' dir='ltr'><strong>Marius,</strong></span> <span class='ocrx_word' id='word_1_113' title='bbox 497 1459 574 1507; x_wconf 86' lang='lat' dir='ltr'><strong>divini</strong></span> <span class='ocrx_word' id='word_1_114' title='bbox 585 1460 694 1506; x_wconf 78' lang='lat' dir='ltr'><strong>nunrioIs</strong></span> <span class='ocrx_word' id='word_1_115' title='bbox 706 1474 792 1519; x_wconf 77' lang='lat' dir='ltr'><strong>augur,</strong></span> 
     </span>
     <span class='ocr_line' id='line_1_19' title="bbox 233 1523 891 1586; baseline -0.002 -13"><span class='ocrx_word' id='word_1_116' title='bbox 233 1525 375 1586; x_wconf 83' lang='lat' dir='ltr'><strong>Faustaque</strong></span> <span class='ocrx_word' id='word_1_117' title='bbox 386 1524 457 1584; x_wconf 85' lang='lat' dir='ltr'><strong>signa</strong></span> <span class='ocrx_word' id='word_1_118' title='bbox 469 1539 527 1573; x_wconf 87' lang='lat' dir='ltr'><strong>suae</strong></span> <span class='ocrx_word' id='word_1_119' title='bbox 538 1524 618 1572; x_wconf 83' lang='lat' dir='ltr'><strong>laudis</strong></span> <span class='ocrx_word' id='word_1_120' title='bbox 631 1524 774 1586; x_wconf 85' lang='lat' dir='ltr'><strong>reditusque</strong></span> <span class='ocrx_word' id='word_1_121' title='bbox 787 1523 891 1584; x_wconf 85' lang='lat' dir='ltr'><strong>notavit,</strong></span> 
     </span>
     <span class='ocr_line' id='line_1_20' title="bbox 234 1589 811 1652; baseline 0 -14"><span class='ocrx_word' id='word_1_122' title='bbox 234 1590 351 1639; x_wconf 91' lang='lat' dir='ltr'><strong>Partibus</strong></span> <span class='ocrx_word' id='word_1_123' title='bbox 363 1590 470 1638; x_wconf 89' lang='lat' dir='ltr'><strong>intonuit</strong></span> <span class='ocrx_word' id='word_1_124' title='bbox 481 1589 543 1637; x_wconf 84' lang='lat' dir='ltr'><strong>caeli</strong></span> <span class='ocrx_word' id='word_1_125' title='bbox 555 1599 625 1652; x_wconf 89' lang='lat' dir='ltr'><strong>pater</strong></span> <span class='ocrx_word' id='word_1_126' title='bbox 635 1589 688 1652; x_wconf 89' lang='lat' dir='ltr'><strong>ipse</strong></span> <span class='ocrx_word' id='word_1_127' title='bbox 699 1589 811 1638; x_wconf 80' lang='lat' dir='ltr'><strong>sinIstris.</strong></span> 
     </span>
    </p>

    <p class='ocr_par' dir='ltr' id='par_1_4' title="bbox 234 1655 824 1718">
     <span class='ocr_line' id='line_1_21' title="bbox 234 1655 824 1718; baseline -0.002 -14"><span class='ocrx_word' id='word_1_128' title='bbox 234 1655 275 1704; x_wconf 87' lang='lat' dir='ltr'><strong>Sic</strong></span> <span class='ocrx_word' id='word_1_129' title='bbox 286 1655 383 1718; x_wconf 87' lang='lat' dir='ltr'><strong>aquilae</strong></span> <span class='ocrx_word' id='word_1_130' title='bbox 394 1655 487 1704; x_wconf 85' lang='lat' dir='ltr'><strong>clarum</strong></span> <span class='ocrx_word' id='word_1_131' title='bbox 500 1655 608 1704; x_wconf 89' lang='lat' dir='ltr'><strong>firmarit</strong></span> <span class='ocrx_word' id='word_1_132' title='bbox 619 1655 731 1718; x_wconf 89' lang='lat' dir='ltr'><strong>Iuppiter·</strong></span> <span class='ocrx_word' id='word_1_133' title='bbox 742 1669 824 1704; x_wconf 89' lang='lat' dir='ltr'><strong>omen.</strong></span> 
     </span>
    </p>
   </div>
   <div class='ocr_carea' id='block_1_4' title="bbox 137 1803 981 2199">
    <p class='ocr_par' dir='ltr' id='par_1_5' title="bbox 137 1803 981 2199">
     <span class='ocr_line' id='line_1_22' title="bbox 138 1803 981 1881; baseline 0.001 -20"><span class='ocrx_word' id='word_1_134' title='bbox 138 1803 275 1862; x_wconf 87' lang='lat' dir='ltr'>XLVIII.</span> <span class='ocrx_word' id='word_1_135' title='bbox 320 1803 385 1861; x_wconf 81' lang='lat'><strong>107.</strong></span> <span class='ocrx_word' id='word_1_136' title='bbox 401 1803 499 1881; x_wconf 85' lang='lat' dir='ltr'><strong>Atque</strong></span> <span class='ocrx_word' id='word_1_137' title='bbox 515 1803 563 1861; x_wconf 93' lang='lat' dir='ltr'><strong>ille</strong></span> <span class='ocrx_word' id='word_1_138' title='bbox 580 1803 697 1862; x_wconf 89' lang='lat' dir='ltr'><strong>Romuli</strong></span> <span class='ocrx_word' id='word_1_139' title='bbox 715 1811 869 1880; x_wconf 86' lang='lat' dir='ltr'><strong>auguratus</strong></span> <span class='ocrx_word' id='word_1_140' title='bbox 886 1811 981 1880; x_wconf 82' lang='lat' dir='ltr'><strong>pasto·</strong></span> 
     </span>
     <span class='ocr_line' id='line_1_23' title="bbox 137 1883 981 1961; baseline 0.001 -21"><span class='ocrx_word' id='word_1_141' title='bbox 137 1883 211 1953; x_wconf 85' lang='lat' dir='ltr'><strong>ralis,</strong></span> <span class='ocrx_word' id='word_1_142' title='bbox 223 1903 281 1940; x_wconf 92' lang='lat' dir='ltr'><strong>nou</strong></span> <span class='ocrx_word' id='word_1_143' title='bbox 297 1883 420 1940; x_wconf 90' lang='lat' dir='ltr'><strong>urbanus</strong></span> <span class='ocrx_word' id='word_1_144' title='bbox 434 1883 500 1954; x_wconf 87' lang='lat' dir='ltr'><strong>fuit,</strong></span> <span class='ocrx_word' id='word_1_145' title='bbox 513 1903 565 1941; x_wconf 89' lang='lat' dir='ltr'><strong>nec</strong></span> <span class='ocrx_word' id='word_1_146' title='bbox 580 1883 664 1941; x_wconf 87' lang='lat' dir='ltr'><strong>fictus</strong></span> <span class='ocrx_word' id='word_1_147' title='bbox 677 1883 715 1942; x_wconf 88' lang='lat' dir='ltr'><strong>ad</strong></span> <span class='ocrx_word' id='word_1_148' title='bbox 726 1885 877 1961; x_wconf 89' lang='lat' dir='ltr'><strong>opiniones</strong></span> <span class='ocrx_word' id='word_1_149' title='bbox 892 1885 981 1961; x_wconf 87' lang='lat' dir='ltr'><strong>impe·</strong></span> 
     </span>
     <span class='ocr_line' id='line_1_24' title="bbox 137 1962 979 2040; baseline 0.002 -20"><span class='ocrx_word' id='word_1_150' title='bbox 137 1964 266 2032; x_wconf 75' lang='lat' dir='ltr'><strong>uterum,</strong></span> <span class='ocrx_word' id='word_1_151' title='bbox 285 1962 334 2020; x_wconf 91' lang='lat' dir='ltr'><strong>sed</strong></span> <span class='ocrx_word' id='word_1_152' title='bbox 355 1982 372 2019; x_wconf 90' lang='lat' dir='ltr'><strong>a</strong></span> <span class='ocrx_word' id='word_1_153' title='bbox 392 1963 476 2024; x_wconf 82' lang='lat' dir='ltr'><strong>certis</strong></span> <span class='ocrx_word' id='word_1_154' title='bbox 501 1971 634 2040; x_wconf 87' lang='lat' dir='ltr'><strong>aceeptus</strong></span> <span class='ocrx_word' id='word_1_155' title='bbox 655 1970 685 2022; x_wconf 91' lang='lat' dir='ltr'><strong>et</strong></span> <span class='ocrx_word' id='word_1_156' title='bbox 706 1964 827 2040; x_wconf 88' lang='lat' dir='ltr'><strong>posteris</strong></span> <span class='ocrx_word' id='word_1_157' title='bbox 848 1964 979 2022; x_wconf 84' lang='lat' dir='ltr'><strong>traditus.</strong></span> 
     </span>
     <span class='ocr_line' id='line_1_25' title="bbox 137 2041 980 2121; baseline 0.005 -23"><span class='ocrx_word' id='word_1_158' title='bbox 137 2041 238 2119; x_wconf 88' lang='lat' dir='ltr'><strong>Itaque</strong></span> <span class='ocrx_word' id='word_1_159' title='bbox 258 2041 399 2100; x_wconf 85' lang='lat' dir='ltr'><strong>Romulus</strong></span> <span class='ocrx_word' id='word_1_160' title='bbox 423 2062 522 2120; x_wconf 84' lang='lat' dir='ltr'><strong>augur,</strong></span> <span class='ocrx_word' id='word_1_161' title='bbox 540 2051 573 2101; x_wconf 91' lang='lat' dir='ltr'><strong>ut</strong></span> <span class='ocrx_word' id='word_1_162' title='bbox 593 2043 671 2121; x_wconf 87' lang='lat' dir='ltr'><strong>apud</strong></span> <span class='ocrx_word' id='word_1_163' title='bbox 692 2043 818 2102; x_wconf 82' lang='lat' dir='ltr'><strong>Ennium</strong></span> <span class='ocrx_word' id='word_1_164' title='bbox 844 2052 894 2115; x_wconf 91' lang='lat' dir='ltr'><strong>est,</strong></span> <span class='ocrx_word' id='word_1_165' title='bbox 914 2064 980 2102; x_wconf 88' lang='lat' dir='ltr'><strong>eum</strong></span> 
     </span>
     <span class='ocr_line' id='line_1_26' title="bbox 137 2122 438 2199; baseline -0.003 -19"><span class='ocrx_word' id='word_1_166' title='bbox 137 2123 225 2181; x_wconf 86' lang='lat' dir='ltr'><strong>fratre</strong></span> <span class='ocrx_word' id='word_1_167' title='bbox 239 2122 309 2180; x_wconf 91' lang='lat' dir='ltr'><strong>item</strong></span> <span class='ocrx_word' id='word_1_168' title='bbox 323 2141 438 2199; x_wconf 82' lang='lat' dir='ltr'><strong>augure,</strong></span> 
     </span>
    </p>
   </div>
   <div class='ocr_carea' id='block_1_5' title="bbox 147 2267 915 3242">
    <p class='ocr_par' dir='ltr' id='par_1_6' title="bbox 235 2267 801 2332">
     <span class='ocr_line' id='line_1_27' title="bbox 235 2267 801 2332; baseline 0.005 -17"><span class='ocrx_word' id='word_1_169' title='bbox 235 2267 356 2316; x_wconf 84' lang='lat' dir='ltr'><strong>Curantes</strong></span> <span class='ocrx_word' id='word_1_170' title='bbox 368 2281 527 2328; x_wconf 74' lang='lat' dir='ltr'><strong>magnacum</strong></span> <span class='ocrx_word' id='word_1_171' title='bbox 539 2282 597 2316; x_wconf 87' lang='lat' dir='ltr'><strong>cura</strong></span> <span class='ocrx_word' id='word_1_172' title='bbox 609 2276 661 2316; x_wconf 92' lang='lat' dir='ltr'><strong>tum</strong></span> <span class='ocrx_word' id='word_1_173' title='bbox 674 2269 801 2332; x_wconf 87' lang='lat' dir='ltr'><strong>cupientes</strong></span> 
     </span>
    </p>

    <p class='ocr_par' dir='ltr' id='par_1_7' title="bbox 234 2333 879 2397">
     <span class='ocr_line' id='line_1_28' title="bbox 234 2333 879 2397; baseline 0.002 -16"><span class='ocrx_word' id='word_1_174' title='bbox 234 2333 315 2393; x_wconf 81' lang='lat' dir='ltr'><strong>Regni</strong></span> <span class='ocrx_word' id='word_1_175' title='bbox 326 2333 387 2381; x_wconf 89' lang='lat' dir='ltr'><strong>dant</strong></span> <span class='ocrx_word' id='word_1_176' title='bbox 398 2347 499 2395; x_wconf 89' lang='lat' dir='ltr'><strong>operam</strong></span> <span class='ocrx_word' id='word_1_177' title='bbox 511 2333 584 2382; x_wconf 89' lang='lat' dir='ltr'><strong>simul</strong></span> <span class='ocrx_word' id='word_1_178' title='bbox 596 2333 708 2395; x_wconf 90' lang='lat' dir='ltr'><strong>auspicio</strong></span> <span class='ocrx_word' id='word_1_179' title='bbox 720 2335 879 2397; x_wconf 81' lang='lat' dir='ltr'><strong>augurioque.</strong></span> 
     </span>
    </p>

    <p class='ocr_par' dir='ltr' id='par_1_8' title="bbox 234 2398 915 2462">
     <span class='ocr_line' id='line_1_29' title="bbox 234 2398 915 2462; baseline 0.003 -16"><span class='ocrx_word' id='word_1_180' title='bbox 234 2399 302 2446; x_wconf 89' lang='lat' dir='ltr'><strong>Hinc</strong></span> <span class='ocrx_word' id='word_1_181' title='bbox 314 2399 407 2447; x_wconf 85' lang='lat' dir='ltr'><strong>Remus</strong></span> <span class='ocrx_word' id='word_1_182' title='bbox 419 2398 528 2460; x_wconf 86' lang='lat' dir='ltr'><strong>auspicio</strong></span> <span class='ocrx_word' id='word_1_183' title='bbox 540 2413 566 2447; x_wconf 90' lang='lat' dir='ltr'><strong>se</strong></span> <span class='ocrx_word' id='word_1_184' title='bbox 578 2399 682 2447; x_wconf 88' lang='lat' dir='ltr'><strong>devovet</strong></span> <span class='ocrx_word' id='word_1_185' title='bbox 693 2408 769 2462; x_wconf 88' lang='lat' dir='ltr'><strong>atque</strong></span> <span class='ocrx_word' id='word_1_186' title='bbox 780 2400 915 2448; x_wconf 80' lang='lat' dir='ltr'><strong>secuudum</strong></span> 
     </span>
    </p>

    <p class='ocr_par' dir='ltr' id='par_1_9' title="bbox 234 2463 907 2527">
     <span class='ocr_line' id='line_1_30' title="bbox 234 2463 907 2527; baseline 0.001 -14"><span class='ocrx_word' id='word_1_187' title='bbox 234 2463 306 2513; x_wconf 90' lang='lat' dir='ltr'><strong>Solus</strong></span> <span class='ocrx_word' id='word_1_188' title='bbox 318 2479 389 2512; x_wconf 87' lang='lat' dir='ltr'><strong>arem</strong></span> <span class='ocrx_word' id='word_1_189' title='bbox 401 2473 490 2513; x_wconf 77' lang='lat' dir='ltr'><strong>servat.</strong></span> <span class='ocrx_word' id='word_1_190' title='bbox 527 2464 562 2511; x_wconf 83' lang='lat' dir='ltr'><strong>At</strong></span> <span class='ocrx_word' id='word_1_191' title='bbox 574 2464 695 2512; x_wconf 88' lang='lat' dir='ltr'><strong>Romulus</strong></span> <span class='ocrx_word' id='word_1_192' title='bbox 706 2465 809 2527; x_wconf 86' lang='lat' dir='ltr'><strong>pulcher</strong></span> <span class='ocrx_word' id='word_1_193' title='bbox 819 2467 843 2513; x_wconf 93' lang='lat' dir='ltr'><strong>iu</strong></span> <span class='ocrx_word' id='word_1_194' title='bbox 856 2465 907 2514; x_wconf 87' lang='lat' dir='ltr'><strong>alto</strong></span> 
     </span>
    </p>

    <p class='ocr_par' dir='ltr' id='par_1_10' title="bbox 234 2529 855 2590">
     <span class='ocr_line' id='line_1_31' title="bbox 234 2529 855 2590; baseline 0.005 -14"><span class='ocrx_word' id='word_1_195' title='bbox 234 2529 337 2588; x_wconf 85' lang='lat' dir='ltr'><strong>Quaerit</strong></span> <span class='ocrx_word' id='word_1_196' title='bbox 349 2530 482 2589; x_wconf 83' lang='lat' dir='ltr'><strong>Aventino,</strong></span> <span class='ocrx_word' id='word_1_197' title='bbox 494 2539 576 2578; x_wconf 88' lang='lat' dir='ltr'><strong>servat</strong></span> <span class='ocrx_word' id='word_1_198' title='bbox 585 2545 663 2590; x_wconf 85' lang='lat' dir='ltr'><strong>genus</strong></span> <span class='ocrx_word' id='word_1_199' title='bbox 675 2530 855 2580; x_wconf 83' lang='lat' dir='ltr'><strong>altivolsntum.</strong></span> 
     </span>
    </p>

    <p class='ocr_par' dir='ltr' id='par_1_11' title="bbox 234 2594 897 2644">
     <span class='ocr_line' id='line_1_32' title="bbox 234 2594 897 2644; baseline 0.003 -2"><span class='ocrx_word' id='word_1_200' title='bbox 234 2594 369 2642; x_wconf 86' lang='lat' dir='ltr'><strong>Certabant</strong></span> <span class='ocrx_word' id='word_1_201' title='bbox 381 2595 465 2642; x_wconf 83' lang='lat' dir='ltr'><strong>urbem</strong></span> <span class='ocrx_word' id='word_1_202' title='bbox 479 2595 585 2642; x_wconf 90' lang='lat' dir='ltr'><strong>Romam</strong></span> <span class='ocrx_word' id='word_1_203' title='bbox 598 2596 764 2644; x_wconf 82' lang='lat' dir='ltr'><strong>Remoramne</strong></span> <span class='ocrx_word' id='word_1_204' title='bbox 775 2604 897 2644; x_wconf 82' lang='lat' dir='ltr'><strong>vocarent.</strong></span> 
     </span>
    </p>

    <p class='ocr_par' dir='ltr' id='par_1_12' title="bbox 235 2659 816 2723">
     <span class='ocr_line' id='line_1_33' title="bbox 235 2659 816 2723; baseline 0.005 -17"><span class='ocrx_word' id='word_1_205' title='bbox 235 2659 356 2706; x_wconf 87' lang='lat' dir='ltr'><strong>Omnibus</strong></span> <span class='ocrx_word' id='word_1_206' title='bbox 368 2674 427 2706; x_wconf 88' lang='lat' dir='ltr'><strong>curu</strong></span> <span class='ocrx_word' id='word_1_207' title='bbox 439 2660 497 2707; x_wconf 81' lang='lat' dir='ltr'><strong>ritis</strong></span> <span class='ocrx_word' id='word_1_208' title='bbox 509 2672 563 2708; x_wconf 92' lang='lat' dir='ltr'><strong>uter</strong></span> <span class='ocrx_word' id='word_1_209' title='bbox 574 2670 638 2708; x_wconf 89' lang='lat' dir='ltr'><strong>esset</strong></span> <span class='ocrx_word' id='word_1_210' title='bbox 650 2659 816 2723; x_wconf 86' lang='lat' dir='ltr'><strong>induperator.</strong></span> 
     </span>
    </p>

    <p class='ocr_par' dir='ltr' id='par_1_13' title="bbox 235 2723 869 2786">
     <span class='ocr_line' id='line_1_34' title="bbox 235 2723 869 2786; baseline 0.006 -18"><span class='ocrx_word' id='word_1_211' title='bbox 235 2723 389 2784; x_wconf 82' lang='lat' dir='ltr'><strong>Exspectant</strong></span> <span class='ocrx_word' id='word_1_212' title='bbox 400 2724 482 2782; x_wconf 81' lang='lat' dir='ltr'><strong>veluti,</strong></span> <span class='ocrx_word' id='word_1_213' title='bbox 496 2725 581 2772; x_wconf 88' lang='lat' dir='ltr'><strong>consul</strong></span> <span class='ocrx_word' id='word_1_214' title='bbox 593 2741 649 2773; x_wconf 89' lang='lat' dir='ltr'><strong>cum</strong></span> <span class='ocrx_word' id='word_1_215' title='bbox 661 2726 759 2774; x_wconf 89' lang='lat' dir='ltr'><strong>mittere</strong></span> <span class='ocrx_word' id='word_1_216' title='bbox 771 2726 869 2786; x_wconf 83' lang='lat' dir='ltr'><strong>siguum</strong></span> 
     </span>
    </p>

    <p class='ocr_par' dir='ltr' id='par_1_14' title="bbox 147 2787 845 2914">
     <span class='ocr_line' id='line_1_35' title="bbox 234 2787 837 2851; baseline 0.01 -19"><span class='ocrx_word' id='word_1_217' title='bbox 234 2787 304 2846; x_wconf 82' lang='lat' dir='ltr'><strong>Vult,</strong></span> <span class='ocrx_word' id='word_1_218' title='bbox 314 2801 399 2834; x_wconf 90' lang='lat' dir='ltr'><strong>omues</strong></span> <span class='ocrx_word' id='word_1_219' title='bbox 412 2789 478 2835; x_wconf 88' lang='lat' dir='ltr'><strong>avidi</strong></span> <span class='ocrx_word' id='word_1_220' title='bbox 490 2799 603 2851; x_wconf 87' lang='lat' dir='ltr'><strong>spectant</strong></span> <span class='ocrx_word' id='word_1_221' title='bbox 615 2790 646 2838; x_wconf 90' lang='lat' dir='ltr'><strong>ad</strong></span> <span class='ocrx_word' id='word_1_222' title='bbox 657 2792 761 2839; x_wconf 87' lang='lat' dir='ltr'><strong>carceris</strong></span> <span class='ocrx_word' id='word_1_223' title='bbox 773 2805 837 2850; x_wconf 88' lang='lat' dir='ltr'><strong>orus,</strong></span> 
     </span>
     <span class='ocr_line' id='line_1_36' title="bbox 147 2843 845 2914; baseline 0.014 -20"><span class='ocrx_word' id='word_1_224' title='bbox 147 2843 212 2895; x_wconf 79' lang='lat'>108.</span> <span class='ocrx_word' id='word_1_225' title='bbox 235 2850 316 2908; x_wconf 87' lang='lat' dir='ltr'><strong>Quam</strong></span> <span class='ocrx_word' id='word_1_226' title='bbox 328 2865 389 2898; x_wconf 88' lang='lat' dir='ltr'><strong>mox</strong></span> <span class='ocrx_word' id='word_1_227' title='bbox 400 2853 498 2900; x_wconf 88' lang='lat' dir='ltr'><strong>omittat</strong></span> <span class='ocrx_word' id='word_1_228' title='bbox 510 2854 581 2914; x_wconf 85' lang='lat' dir='ltr'><strong>pictis</strong></span> <span class='ocrx_word' id='word_1_229' title='bbox 593 2870 607 2902; x_wconf 89' lang='lat' dir='ltr'><strong>e</strong></span> <span class='ocrx_word' id='word_1_230' title='bbox 619 2855 730 2903; x_wconf 87' lang='lat' dir='ltr'><strong>faucibus</strong></span> <span class='ocrx_word' id='word_1_231' title='bbox 742 2871 845 2904; x_wconf 88' lang='lat' dir='ltr'><strong>currus:</strong></span> 
     </span>
    </p>

    <p class='ocr_par' dir='ltr' id='par_1_15' title="bbox 235 2915 814 2981">
     <span class='ocr_line' id='line_1_37' title="bbox 235 2915 814 2981; baseline 0.017 -22"><span class='ocrx_word' id='word_1_232' title='bbox 235 2915 276 2960; x_wconf 81' lang='lat' dir='ltr'><strong>sic</strong></span> <span class='ocrx_word' id='word_1_233' title='bbox 288 2916 448 2976; x_wconf 86' lang='lat' dir='ltr'><strong>exspectabat</strong></span> <span class='ocrx_word' id='word_1_234' title='bbox 459 2919 563 2979; x_wconf 91' lang='lat' dir='ltr'><strong>populus</strong></span> <span class='ocrx_word' id='word_1_235' title='bbox 574 2928 648 2981; x_wconf 86' lang='lat' dir='ltr'><strong>atque</strong></span> <span class='ocrx_word' id='word_1_236' title='bbox 659 2935 702 2967; x_wconf 90' lang='lat' dir='ltr'><strong>ora</strong></span> <span class='ocrx_word' id='word_1_237' title='bbox 714 2921 814 2969; x_wconf 88' lang='lat' dir='ltr'><strong>tenebat</strong></span> 
     </span>
    </p>

    <p class='ocr_par' dir='ltr' id='par_1_16' title="bbox 235 2978 801 3045">
     <span class='ocr_line' id='line_1_38' title="bbox 235 2978 801 3045; baseline 0.016 -21"><span class='ocrx_word' id='word_1_238' title='bbox 235 2978 327 3038; x_wconf 88' lang='lat' dir='ltr'><strong>Rebus,</strong></span> <span class='ocrx_word' id='word_1_239' title='bbox 339 2981 386 3027; x_wconf 87' lang='lat' dir='ltr'><strong>utri</strong></span> <span class='ocrx_word' id='word_1_240' title='bbox 399 2982 482 3040; x_wconf 77' lang='lat' dir='ltr'><strong>magui</strong></span> <span class='ocrx_word' id='word_1_241' title='bbox 495 2982 597 3030; x_wconf 79' lang='lat' dir='ltr'><strong>victoria</strong></span> <span class='ocrx_word' id='word_1_242' title='bbox 609 2984 640 3030; x_wconf 88' lang='lat' dir='ltr'><strong>sit</strong></span> <span class='ocrx_word' id='word_1_243' title='bbox 652 2984 711 3032; x_wconf 86' lang='lat' dir='ltr'><strong>data</strong></span> <span class='ocrx_word' id='word_1_244' title='bbox 722 2987 801 3045; x_wconf 80' lang='lat' dir='ltr'><strong>regui,</strong></span> 
     </span>
    </p>

    <p class='ocr_par' dir='ltr' id='par_1_17' title="bbox 235 3042 801 3099">
     <span class='ocr_line' id='line_1_39' title="bbox 235 3042 801 3099; baseline 0.019 -11"><span class='ocrx_word' id='word_1_245' title='bbox 235 3042 334 3090; x_wconf 86' lang='lat' dir='ltr'><strong>Interea</strong></span> <span class='ocrx_word' id='word_1_246' title='bbox 345 3045 380 3091; x_wconf 92' lang='lat' dir='ltr'><strong>sol</strong></span> <span class='ocrx_word' id='word_1_247' title='bbox 393 3045 462 3092; x_wconf 86' lang='lat' dir='ltr'><strong>albus</strong></span> <span class='ocrx_word' id='word_1_248' title='bbox 474 3048 576 3094; x_wconf 89' lang='lat' dir='ltr'><strong>recessit</strong></span> <span class='ocrx_word' id='word_1_249' title='bbox 587 3048 612 3094; x_wconf 88' lang='lat' dir='ltr'><strong>in</strong></span> <span class='ocrx_word' id='word_1_250' title='bbox 624 3048 703 3096; x_wconf 82' lang='lat' dir='ltr'><strong>infera</strong></span> <span class='ocrx_word' id='word_1_251' title='bbox 713 3052 801 3099; x_wconf 90' lang='lat' dir='ltr'><strong>noctis.</strong></span> 
     </span>
    </p>

    <p class='ocr_par' dir='ltr' id='par_1_18' title="bbox 234 3106 829 3165">
     <span class='ocr_line' id='line_1_40' title="bbox 234 3106 829 3165; baseline 0.017 -11"><span class='ocrx_word' id='word_1_252' title='bbox 234 3106 303 3154; x_wconf 86' lang='lat' dir='ltr'><strong>Exin</strong></span> <span class='ocrx_word' id='word_1_253' title='bbox 315 3109 421 3157; x_wconf 85' lang='lat' dir='ltr'><strong>candida</strong></span> <span class='ocrx_word' id='word_1_254' title='bbox 432 3125 458 3157; x_wconf 89' lang='lat' dir='ltr'><strong>se</strong></span> <span class='ocrx_word' id='word_1_255' title='bbox 470 3110 545 3157; x_wconf 89' lang='lat' dir='ltr'><strong>radiis</strong></span> <span class='ocrx_word' id='word_1_256' title='bbox 558 3111 628 3159; x_wconf 86' lang='lat' dir='ltr'><strong>dedit</strong></span> <span class='ocrx_word' id='word_1_257' title='bbox 638 3112 689 3160; x_wconf 82' lang='lat' dir='ltr'><strong>icta</strong></span> <span class='ocrx_word' id='word_1_258' title='bbox 700 3113 766 3162; x_wconf 87' lang='lat' dir='ltr'><strong>foras</strong></span> <span class='ocrx_word' id='word_1_259' title='bbox 777 3115 829 3165; x_wconf 88' lang='lat' dir='ltr'><strong>lux.</strong></span> 
     </span>
    </p>

    <p class='ocr_par' dir='ltr' id='par_1_19' title="bbox 234 3171 833 3242">
     <span class='ocr_line' id='line_1_41' title="bbox 234 3171 833 3242; baseline 0.013 -21"><span class='ocrx_word' id='word_1_260' title='bbox 234 3171 269 3221; x_wconf 83' lang='lat' dir='ltr'><strong>Ilt</strong></span> <span class='ocrx_word' id='word_1_261' title='bbox 281 3172 354 3220; x_wconf 91' lang='lat' dir='ltr'><strong>simul</strong></span> <span class='ocrx_word' id='word_1_262' title='bbox 364 3188 397 3222; x_wconf 85' lang='lat' dir='ltr'><strong>ex</strong></span> <span class='ocrx_word' id='word_1_263' title='bbox 409 3173 460 3222; x_wconf 87' lang='lat' dir='ltr'><strong>alto</strong></span> <span class='ocrx_word' id='word_1_264' title='bbox 472 3174 544 3234; x_wconf 79' lang='lat' dir='ltr'><strong>longe</strong></span> <span class='ocrx_word' id='word_1_265' title='bbox 555 3175 720 3236; x_wconf 84' lang='lat' dir='ltr'><strong>pulcherrima</strong></span> <span class='ocrx_word' id='word_1_266' title='bbox 731 3193 833 3242; x_wconf 86' lang='lat' dir='ltr'><strong>praepes</strong></span> 
     </span>
    </p>
   </div>
   <div class='ocr_carea' id='block_1_6' title="bbox 0 0 1116 3446">
    <p class='ocr_par' dir='ltr' id='par_1_20' title="bbox 0 0 1116 3446">
     <span class='ocr_line' id='line_1_42' title="bbox 0 0 1116 3446; baseline 0 0"><span class='ocrx_word' id='word_1_267' title='bbox 0 0 1116 3446; x_wconf 95' lang='lat' dir='ltr'><strong> </strong></span> 
     </span>
    </p>
   </div>
  </div>
 </body>
</html>
