2220 3432
256 97 325 145 nus.
342 95 389 156 11,
404 72 746 154 cna.·xxvnr.-xxx.‚
758 91 773 152 s
786 95 873 143 ro-cc.
958 97 988 144 rs

147 197 275 255 videntia
290 195 432 266 mundum
451 194 662 252 administrari:
687 213 809 270 magnus
825 213 892 251 saue
909 193 989 252 locus

145 286 191 335 est
205 285 234 335 et
248 297 265 334 a
278 277 387 347 vestris,
399 275 494 344 Cotta,
505 280 630 344 vexatus,
642 292 675 330 ac
689 274 824 330 nimirum
839 272 988 330 vobiscum

145 377 233 414 omne
244 363 387 414 certamen
399 361 450 412 est.
485 353 514 410 N
515 373 560 410 am
572 353 662 422 vobis,
668 352 768 424 Vellei,
779 353 875 409 minus
885 360 988 410 notum

145 444 191 493 est
205 455 290 514 quem
305 436 342 492 ad
355 435 475 491 modum
491 432 617 510 quidque
632 433 751 490 dicatur.
790 432 895 491 Vestra
911 434 987 490 enirn

145 515 240 573 solum
254 516 357 592 legitis,
370 521 463 572 vestra
477 514 596 570 amatis:
618 521 727 570 ceteros
743 531 827 569 causa
841 512 989 589 incognita

145 596 352 653 condemnatis
394 595 484 652 Velut
500 613 517 650 a
533 600 561 650 te
578 593 642 670 ipso
660 592 792 650 hesterno
814 592 860 649 die
877 592 988 650 dictum

144 684 190 733 est
204 695 291 732 anum
305 674 455 732 fatidicam
471 675 604 748 πρόνοιαν
618 693 636 730 a
652 672 757 730 Stoicis
771 672 877 744 induci,
890 673 920 729 id
935 681 986 744 est,

144 755 364 832 providentiam.
408 754 493 822 Quod
514 773 548 810 eo
569 772 662 810 errore
683 752 790 823 dixisti,
807 752 874 830 quia
894 753 988 810 existi-

145 855 208 892 mas
221 835 257 892 ab
271 835 316 892 his
330 835 540 912 providentiam
555 833 626 910 fingi
641 832 721 910 quasi
739 832 883 908 quandam
905 833 988 889 deam

144 916 327 992 singularem,
338 934 410 992 qnae
420 914 562 972 mundum
577 912 844 989 omnem-gahamot
858 918 887 969 et
898 920 986 989 regat,

144 995 196 1052 sed
207 995 237 1052 id
250 995 376 1072 praecise
390 994 503 1052 dicitur.
539 993 585 1051 74.
601 993 645 1052 Ut
660 993 683 1049 si
698 993 761 1070 quis
776 992 853 1049 dicat
867 991 988 1049 Atheni-

144 1075 257 1132 ensium
270 1073 486 1153 rempublicam
501 1073 620 1131 consilio
634 1074 703 1150 regi,
713 1072 787 1130 desit
798 1072 868 1129 illud
881 1072 988 1130 “Areo-

144 1154 241 1232 pagi,''
259 1155 307 1226 sic,
320 1175 386 1212 cum
402 1154 526 1210 dicimus
542 1153 724 1230 providentia
740 1153 881 1210 mundum
898 1153 988 1209 admi-

143 1235 267 1306 nistrari,
280 1235 377 1292 deesse
398 1234 550 1291 arbitrator
568 1232 742 1290 “deorum”
785 1232 874 1289 Pleno
891 1242 986 1289 autem

143 1323 174 1372 et
191 1315 317 1391 perfecte
338 1315 378 1371 sic
399 1315 457 1370 dici
478 1313 649 1384 existimatu,
666 1312 847 1389 providentia
867 1312 986 1369 deorum

143 1394 286 1452 muudum
307 1394 507 1451 administrari.
551 1393 597 1450 Ita
613 1393 700 1450 salem
718 1393 815 1463 istum,
832 1411 889 1469 quo
910 1399 987 1449 caret

143 1484 238 1531 vestra
254 1475 341 1545 natio,
355 1475 384 1530 in
402 1473 554 1530 irridendis
570 1473 654 1530 nobis
670 1472 792 1530 nolitote
810 1491 984 1543 consumere,

144 1561 174 1610 et
190 1553 338 1624 mehercle,
355 1554 441 1610 sime
458 1553 589 1624 audiatis,
601 1573 638 1610 ne
655 1552 841 1629 experiamini
860 1550 984 1627 quidem.

144 1633 212 1692 Non
229 1633 318 1705 decet,
334 1653 393 1691 non
410 1634 509 1690 datum
528 1639 579 1704 est,
594 1652 652 1690 non
669 1632 798 1709 potestis.
841 1629 902 1688 Nec
919 1651 985 1689 vero

143 1713 200 1772 hoc
214 1714 244 1770 in
258 1722 287 1771 te
304 1733 394 1771 unum
410 1713 545 1771 convenit
561 1712 689 1769 moribus
706 1711 871 1770 domesticis
887 1731 920 1769 ac
936 1731 986 1770 no·

144 1801 267 1851 strorum
280 1794 431 1850 hominurn
442 1793 604 1851 urbanitate
615 1793 755 1878 limatum,
766 1792 816 1850 sed
826 1812 892 1850 curn
904 1793 934 1848 in
945 1811 987 1850 rc-

144 1874 239 1951 liquos
252 1881 361 1931 vestros
374 1881 438 1930 tum
455 1874 485 1930 in
503 1892 568 1931 enm
585 1873 718 1952 maxime,
731 1873 780 1949 qui
795 1873 850 1930 ista
863 1873 984 1950 peperit,

143 1953 292 2011 hominem
310 1955 370 2010 sine
387 1961 455 2025 arte,
472 1953 532 2010 sine
549 1953 659 2024 litteris,
675 1952 861 2010 insultantem
877 1953 907 2008 in
926 1972 985 2009 orn·

143 2052 202 2104 nes,
219 2031 279 2091 sine
300 2034 431 2090 acumine
448 2033 515 2104 ullo,
532 2033 592 2090 sinc
608 2033 786 2103 auctoritate,
802 2032 862 2090 sine
879 2033 983 2109 lepore.

143 2113 242 2170 XXX.
273 2114 318 2171 75.
330 2113 405 2171 Dico
417 2113 506 2190 igitur
516 2112 696 2190 providentia
710 2113 829 2170 deorum
843 2112 984 2170 mundum

144 2200 173 2250 et
191 2213 290 2251 omnes
310 2194 412 2250 mundi
429 2200 524 2269 partes
544 2200 573 2250 et
590 2193 675 2250 initio
692 2193 863 2250 constitutas
879 2212 939 2250 csse
956 2200 986 2250 et

144 2273 225 2330 omni
245 2281 375 2350 tempore
395 2273 596 2343 administrari,
618 2291 737 2350 eamque
759 2273 984 2351 disputationem

143 2359 201 2410 tres
211 2353 242 2410 in
253 2362 348 2430 partes
358 2353 449 2410 nostri
460 2353 520 2410 fere
532 2352 673 2423 dividunt,
685 2371 804 2430 quarum
816 2353 909 2430 prima
919 2372 985 2430 pars

143 2439 195 2504 cst,
206 2453 278 2510 quae
292 2433 407 2491 ducitur
420 2433 455 2490 ab
471 2452 504 2490 ea
517 2433 635 2504 ratione,
647 2452 719 2509 quae
733 2433 818 2490 docet
832 2452 892 2490 essc
907 2433 983 2503 deos,

144 2532 202 2589 quo
219 2532 353 2571 concesso
370 2512 565 2571 confitendum
583 2519 627 2570 est
643 2532 741 2570 eorum
763 2512 883 2569 consilio
904 2531 986 2568 mun-

144 2593 213 2650 dum
235 2593 435 2651 administrari.
479 2592 611 2650 Secunda
631 2599 674 2649 est
690 2599 795 2663 autern,
812 2611 883 2668 quae
901 2592 986 2649 docet

143 2691 245 2731 omnes
260 2691 305 2730 res
322 2672 463 2730 subiectas
480 2691 540 2731 esse
557 2679 674 2730 naturae
692 2672 827 2729 sentienti
843 2671 879 2728 ab
896 2691 985 2748 eaque

143 2753 242 2809 omnia
252 2752 441 2829 pulcherrime
451 2753 521 2829 geri.
556 2751 620 2821 Quo
635 2751 793 2809 constituto
808 2751 935 2828 sequitur
949 2751 984 2808 ab

143 2833 338 2891 animantibus
351 2833 500 2910 principiis
514 2851 577 2889 earn
592 2851 651 2890 esse
665 2839 837 2909 generatam.
871 2831 985 2888 Tertius

143 2921 187 2970 est
201 2912 288 2985 locus,
302 2913 351 2991 qui
366 2913 480 2970 ducitur
494 2931 529 2969 ex
543 2912 733 2970 admiratione
749 2931 843 2969 rerum
861 2912 985 2969 caelesti-

143 3012 192 3049 um
209 3000 295 3070 atque
308 2993 492 3051 terrestrium.

186 3072 231 3130 76.
251 3073 382 3130 Primum
399 3073 489 3149 igitur
509 3077 558 3128 aut
575 3071 739 3148 negandum
760 3078 804 3129 est
824 3090 884 3128 esse
906 3070 982 3131 deos.

145 3153 224 3227 quod
238 3161 267 3210 et
280 3153 464 3211 Democritus
481 3149 631 3208 simulacra
649 3158 678 3207 et
692 3150 832 3226 Epicurus
846 3150 984 3226 imagines
