2224 3446
137 122 185 168 246
300 129 304 136 '
395 119 444 168 Du
464 117 714 168 DIVINATIONE.

136 227 218 292 nunt,
228 220 365 296 cogitant,
375 219 510 278 sentiunt.
552 217 627 276 Cum
641 225 737 276 autem
747 219 817 276 haec
832 218 974 278 subtracta

136 307 204 358 sunt
217 300 401 376 desertusque
417 299 529 356 animus
542 297 679 378 languore
693 299 827 374 corporis,
839 304 902 355 tum
916 300 975 376 agi·

135 387 213 438 tatur
226 380 288 457 ipse
302 397 353 456 per
369 398 436 437 sese.
479 377 580 454 Itaque
594 379 624 434 in
641 397 676 436 eo
693 384 722 434 et
737 379 848 434 formae
864 397 975 435 versan-

135 467 183 518 tur
199 466 228 518 et
244 459 379 528 actiones,
392 465 421 516 et
433 457 525 515 multa
539 457 639 527 audiri,
650 457 741 514 multa
758 457 816 514 dici
832 457 972 517 videntur.

137 545 203 599 140.
225 539 306 596 Haec
330 537 437 595 scilicet
458 537 488 594 in
510 535 653 594 imbecillo
677 537 852 614 remissoque
876 537 974 594 animo

134 619 225 676 multa
246 617 379 676 omnibus
394 616 490 674 modis
510 616 630 672 confusa
646 622 675 673 et
691 617 797 672 variata
818 624 972 688 versantur,

134 700 313 775 maximeque
329 696 464 774 reliquiae
480 714 577 752 earum
593 714 687 752 rerum
703 702 856 753 moventur
868 695 899 752 in
915 696 975 752 ani-

133 779 189 834 mis
210 784 240 836 ct
255 777 407 853 agitantur,
423 776 459 834 de
477 774 580 853 quibus
596 775 746 850 vigilantes
768 782 817 832 aut
838 775 974 851 cogitavi·

133 877 197 914 mus
214 863 264 914 aut
280 857 398 932 egimus,
411 862 444 914 ut
457 855 530 912 mihi
543 853 721 932 temporibus
735 853 790 912 illis
804 855 927 912 multum
942 855 973 912 in

132 937 230 993 animo
251 935 357 992 Marius
377 934 540 992 versabatur
560 934 721 992 recordanti
742 953 829 1012 quam
848 934 895 991 ille
911 953 974 1011 gra-

132 1036 197 1073 vem
214 1034 299 1072 suum
316 1034 411 1072 casum
427 1033 533 1091 magno
551 1015 656 1082 anime,
669 1033 755 1091 quarn
772 1015 916 1072 constanti
929 1022 973 1072 tu·

132 1095 218 1152 lisset
261 1095 345 1152 Hanc
360 1094 443 1152 credo
458 1113 571 1151 causam
585 1094 622 1151 de
635 1093 684 1152 illo
699 1093 862 1152 somniandi
872 1094 970 1152 fuisse.

133 1173 270 1233 LXVIII
293 1173 359 1232 Tibi
376 1181 472 1232 autem
488 1174 524 1231 de
540 1193 587 1231 me
604 1193 670 1232 cum
687 1173 878 1232 sollicitudine
896 1175 973 1250 cogi·

132 1255 206 1312 tanti
223 1254 318 1313 subito
336 1273 400 1312 sum
416 1254 493 1311 visus
513 1273 638 1312 emersus
654 1273 670 1311 e
686 1253 812 1312 flumine.
855 1253 972 1312 Inerant

132 1335 254 1392 enimin
268 1334 415 1411 utriusque
430 1339 561 1390 nostrum
578 1333 681 1390 animis
697 1332 878 1410 vigilantium
895 1333 972 1410 eogi-

132 1414 274 1471 tationum
298 1413 423 1490 vestigia
466 1413 508 1470 At
529 1413 668 1490 quaedam
691 1413 825 1471 adiuncta
847 1419 922 1484 sunt,
937 1420 971 1470 ut

132 1493 204 1550 mibi
220 1493 256 1551 de
272 1499 460 1550 monumento
477 1492 568 1562 Marii,
584 1492 645 1550 tibi'
657 1493 734 1570 quod
752 1512 849 1570 equus,
864 1493 895 1549 in
913 1513 970 1570 quo

132 1592 186 1649 ego
207 1573 336 1645 vehebar,
352 1591 464 1630 mecum
482 1591 539 1630 uua
555 1573 700 1630 demersus
716 1591 811 1630 rursus
827 1573 968 1649 apparuit

133 1658 198 1710 141.
220 1652 269 1709 An
283 1660 316 1710 tu
330 1672 426 1710 censes
440 1651 527 1708 ullam
541 1671 627 1708 anum
641 1659 701 1709 tarn
712 1652 830 1709 deliram
841 1653 969 1710 futuram

130 1732 228 1804 fuisse,
244 1739 276 1789 ut
293 1733 411 1789 somniis
432 1731 565 1802 crederet,
581 1731 635 1788 uisi
652 1732 707 1789 ista
727 1751 794 1790 casu
813 1751 873 1789 non
889 1751 971 1790 nurn-

131 1831 225 1888 quam,
235 1812 318 1883 forte,
330 1818 436 1869 temere
451 1813 668 1868 concurrerent?
708 1810 873 1869 Alexandro
883 1811 969 1870 draeo

130 1891 210 1968 loqui
221 1892 297 1948 visus
312 1896 362 1949 est
400 1889 501 1948 Potest
512 1891 630 1948 omnino
641 1890 696 1948 hoc
708 1909 767 1948 esse
779 1892 891 1963 falsum,
904 1899 969 1968 pot-

130 1978 174 2027 est
194 1989 300 2039 verum‚
319 1969 377 2038 sed,
394 1976 492 2026 utrum
513 1977 563 2040 est,
581 1989 641 2027 non
662 1976 705 2028 est
722 1971 858 2028 mirabile.
901 1970 968 2028 Non

130 2050 207 2106 enirn
225 2048 335 2104 audivit
351 2047 398 2104 illc
414 2049 567 2106 draconem
581 2049 753 2127 loquentem,
766 2051 816 2108 sed
833 2056 875 2108 est
891 2050 969 2108 visus

129 2129 236 2199 audire,
252 2133 281 2184 et
298 2127 423 2204 quidem,
440 2147 496 2204 quo
517 2129 609 2186 maius
630 2130 674 2200 sit,
690 2148 755 2186 cum
774 2130 899 2188 radicem
919 2149 968 2188 ore

130 2214 247 2278 teneret,
262 2207 374 2265 locutus
395 2214 445 2264 est.
488 2206 546 2264 Sed
562 2208 633 2264 nihil
650 2216 693 2266 est
709 2228 847 2285 magnum
863 2211 968 2268 somni-

129 2288 198 2345 anti.
236 2287 348 2356 Quaero
363 2293 459 2345 autem
470 2305 520 2344 cur
530 2287 694 2346 Alexandro
705 2295 765 2345 tam
775 2289 883 2346 illustre
895 2309 968 2347 som·

130 2367 219 2438 nium,
234 2374 294 2424 tam
315 2374 433 2437 certum,
448 2386 501 2424 nec
517 2367 584 2424 huic
606 2367 697 2424 eidem
715 2368 792 2438 alias,
807 2387 860 2427 nec
876 2369 969 2426 multa

129 2448 237 2504 ceteris.
280 2447 353 2504 Mihi
375 2447 491 2523 quidem
511 2453 623 2524 praeter
643 2446 698 2504 hoc
719 2446 878 2504 Marianum
895 2448 968 2505 nihil

129 2545 196 2582 sane
217 2526 295 2602 quod
311 2527 499 2584 meminerim.
542 2525 656 2584 Frustra
672 2526 761 2602 igitur
781 2535 968 2604 consumptae

129 2613 175 2661 tot
188 2612 286 2662 noctes
300 2611 360 2662 tam
374 2605 460 2682 longa
473 2607 503 2663 in
517 2612 616 2664 aetate.
661 2611 726 2664 142.
749 2605 833 2664 Nunc
851 2606 968 2683 quidem

129 2694 246 2760 propter
266 2685 506 2742 intermissionem
529 2685 651 2742 forensis
672 2704 774 2762 operae
795 2691 824 2742 et
841 2685 969 2743 lucubra-

129 2763 221 2818 tiones
236 2763 345 2820 detraxi
360 2770 388 2820 et
402 2765 614 2822 meridiationes
629 2764 735 2836 addidi,
747 2764 849 2841 quibus
865 2766 907 2822 uti
920 2784 969 2822 an-

129 2849 175 2897 tea
189 2861 246 2898 non
259 2842 392 2914 solebam,
402 2863 453 2900 nec
464 2851 524 2900 tam
535 2844 657 2902 multum
670 2845 813 2902 dormiens
824 2844 882 2901 ullo
894 2863 970 2901 som·

129 2920 178 2974 nio
200 2940 263 2976 sum
283 2921 454 2994 admonitus,
470 2923 557 2980 tantis
573 2924 738 3000 praesertIm
755 2924 791 2982 de
808 2923 899 2996 rebus,
915 2943 968 2982 uec

129 2997 202 3055 mihi
218 3001 309 3075 magis
325 3021 462 3078 umquam
483 3002 581 3058 videor
597 3021 691 3079 quam,
707 3021 772 3060 cum
788 3009 838 3060 aut
854 3003 884 3060 in
901 3003 967 3062 foro

129 3077 311 3154 magistratus
325 3087 374 3138 aut
388 3081 417 3137 in
432 3081 509 3139 curia
523 3088 651 3137 senatum
668 3082 759 3152 video,
772 3083 920 3141 somniare.

169 3156 276 3216 LXIII
298 3158 488 3218 Etenim-ex
500 3159 639 3217 divisione
651 3160 705 3218 hoc
716 3161 872 3218 secundnm
884 3168 966 3219 est-
