2220 3432
91 107 123 153 iO
311 102 361 150 DE
382 100 531 150 NATURA
551 99 712 152 DEORUM.

91 204 157 261 dem
169 209 235 259 anto
250 201 267 229 “
278 201 433 278 optimus,”
445 200 476 259 id
491 207 542 271 est,
551 199 834 271 beneficentissimus
847 217 934 276 quam

91 284 109 310 “
119 281 288 353 maximus,’'
305 282 372 358 quia
385 282 477 338 maius
494 289 537 338 est
551 287 683 357 certeque
697 280 806 357 gratius
820 279 935 356 prodes·

90 383 121 420 se
139 362 273 420 omnibus
290 381 376 438 quam
397 380 467 437 opes
488 379 606 437 magnas
627 359 738 418 habere.
782 366 828 417 65.
847 359 935 416 Hunc

91 443 181 520 igitur
197 442 316 512 Ennius,
329 449 362 499 ut
376 460 462 517 supra
475 441 544 512 dixi,
556 447 704 517 nuncupat
718 441 759 496 ita
772 439 887 498 diceus:

92 569 185 632 Aspice
198 567 245 617 hoc
260 567 382 617 sublimen
394 566 510 628 candens,
521 581 596 629 quem
607 567 723 614 invocant
734 580 821 614 omues
832 565 933 614 Iovem:

92 687 205 764 planius
220 705 306 763 quam
321 685 376 742 alio
391 685 455 742 loco
469 684 564 742 idem:

92 815 149 876 Cui,
164 815 229 878 quod
247 815 273 861 iu
291 829 331 862 me
347 821 395 874 est,
409 813 564 875 exsecrabor,
578 812 633 875 hoc,
648 811 715 876 quod
731 812 805 873 lucet,
817 812 937 876 quidquid

190 889 228 927 est
237 896 243 927 :

95 1000 173 1058 huno
188 998 275 1056 etiam
290 1016 411 1074 augures
425 997 524 1066 nostri,
534 1015 599 1054 cum
610 995 711 1054 dicunt
723 995 740 1023 “
749 995 938 1073 Iovefulgen·

93 1087 131 1149 te,
140 1085 260 1135 tonante
270 1077 295 1135 :”
315 1078 415 1135 dicunt
429 1078 506 1135 enim
523 1078 539 1104 “
548 1077 626 1135 caelo
640 1077 779 1154 fulgente,
790 1074 936 1135 tonante.'’

94 1158 246 1236 Euripides
257 1165 362 1229 autem,
373 1164 406 1215 ut
416 1157 507 1214 multa
519 1157 670 1233 praeclare,
680 1157 720 1214 sic
731 1156 786 1216 hoo
798 1157 936 1214 brevit-cr:

139 1297 219 1345 Vides
233 1297 337 1345 sublime
349 1297 430 1344 susum
442 1294 632 1344 immoderatum
645 1295 752 1352 aethera,

139 1363 189 1422 Qui
204 1372 295 1411 terrum
308 1374 392 1411 tenero
407 1360 567 1409 circumiectu
579 1361 754 1423 amplectitur?

135 1429 216 1477 ‘Hunc
229 1444 354 1476 summum
369 1427 457 1476 habeto
471 1427 564 1487 divum,
576 1426 642 1475 hunc
655 1427 781 1488 perhibeto
795 1427 888 1474 Iovem.

95 1555 209 1614 XXVI.
233 1560 278 1612 66.
295 1556 357 1611 Aer
370 1561 476 1624 autem,
489 1561 521 1611 ut
535 1553 626 1611 Stoici
641 1553 798 1630 disputant,
811 1553 939 1611 interiec-

96 1643 143 1693 tus
160 1636 233 1692 inter
249 1655 327 1692 mare
348 1641 377 1691 et
390 1634 500 1691 caelum
518 1632 638 1690 Iunonis
658 1634 776 1690 nomine
795 1653 939 1690 consecra-

96 1723 151 1786 tur,
163 1733 234 1791 quae
248 1723 291 1772 est
305 1733 385 1771 soror
399 1721 428 1770 et
442 1714 567 1771 coniunx
582 1713 666 1785 Iovis,
678 1713 757 1790 quod
771 1714 797 1770 ei
808 1713 940 1772 similitu·

97 1795 136 1852 do
151 1804 194 1851 est
208 1793 330 1851 aetheris
343 1801 373 1850 et
387 1812 452 1850 cum
467 1813 501 1850 eo
519 1813 632 1850 summa
646 1793 820 1852 coniunctio
863 1793 940 1851 Effe·

97 1875 279 1931 minaverunt
295 1881 391 1930 autum
413 1892 478 1930 eum
497 1873 658 1950 lunonique
674 1873 844 1945 tribuerunt,
860 1874 940 1950 quod

97 1954 170 2011 nihii
185 1961 228 2010 est
242 1973 276 2010 eo
290 1953 412 2010 mollius„
455 1952 513 2010 Sed
528 1952 669 2011 Iunonem
686 1972 703 2010 a
717 1954 842 2010 iucundo
853 1954 939 2012 oredo

99 2034 284 2091 nominatam.
322 2033 409 2110 Aqua
422 2033 546 2090 restabat
557 2040 586 2090 et
600 2040 728 2103 terrant
742 2040 836 2091 essent
850 2053 885 2091 ex
898 2034 942 2091 fa-

98 2113 174 2172 bulis
190 2113 245 2170 tria
261 2132 349 2190 regna
364 2113 463 2170 divisa
505 2113 615 2170 Datum
632 2120 675 2170 est
689 2112 779 2190 igitur
791 2113 940 2190 Neptune,

99 2195 188 2252 altero
206 2192 291 2264 Iovis,
307 2200 340 2250 ut
356 2193 464 2264 volunt,
477 2193 567 2264 fratri,
583 2193 760 2250 maritimum
778 2212 863 2250 omne
879 2214 941 2270 reg·

99 2293 169 2330 num
186 2292 348 2349 nomenque
363 2273 544 2349 productum,
558 2280 590 2329 ut
605 2272 751 2329 Portunus
765 2281 889 2347 aportat,
900 2276 941 2332 sic

100 2353 253 2430 Neptunus
267 2373 284 2410 a
297 2354 392 2409 annulo
406 2351 524 2429 paulum
538 2351 639 2429 primis
654 2353 756 2410 litteris
770 2355 940 2425 immutatis

99 2443 212 2491 terrena
228 2441 323 2491 autern
339 2434 381 2489 vis
398 2432 493 2490 omnis
508 2440 595 2508 atque
611 2440 713 2490 natura
726 2433 790 2490 Diti
805 2436 879 2510 patri
894 2435 942 2492 de-

99 2514 194 2570 dicata
208 2521 258 2583 est,
273 2513 322 2589 qui
336 2512 433 2583 Diues,
444 2519 477 2569 ut
490 2513 567 2589 apud
581 2511 705 2570 Graecos
721 2514 862 2586 Πλούτων,
875 2515 942 2591 quia

99 2601 129 2650 ot
143 2594 271 2650 recidant
285 2593 382 2650 omnia
396 2593 425 2649 in
440 2600 528 2650 terras
542 2601 571 2650 et
584 2593 714 2650 oriantur
727 2612 743 2650 e
757 2595 847 2652 terrie
886 2593 942 2652 Cui

100 2673 203 2730 Proser
226 2674 310 2743 inam,
324 2673 402 2749 quod
422 2671 596 2730 Graecorum
617 2692 723 2730 nomeu
745 2669 942 2747 est,[naptum

100 2693 229 2828 dicentii
252 2772 285 2808 ea
301 2753 378 2810 enirn
395 2759 446 2822 est,
461 2771 534 2827 quaa
552 2755 710 2827 Περσεφόνη
727 2752 833 2811 Graece
850 2755 942 2810 nomi-

101 2837 192 2900 natur,
204 2850 290 2906 quam
304 2832 420 2906 frugum
436 2851 533 2889 semen
547 2851 607 2888 esse
619 2833 719 2889 volunt
733 2833 943 2890 aosconditam-

102 2927 157 2982 quo
172 2910 270 2984 quaeri
283 2929 299 2965 a
314 2919 404 2968 matre
418 2910 539 2986 fingunt.
583 2913 629 2968 67.
649 2911 742 2968 Mater
754 2918 850 2968 aut-ern
868 2921 911 2970 cst
926 2933 943 2969 a

103 2988 119 3012 “
130 2988 261 3059 gerendis
271 2987 286 3013 ’³
299 2989 430 3064 frugibus
445 2990 530 3048 Ceres
544 2997 691 3066 tamquam
707 2991 724 3017 ‘⁴
734 2990 849 3060 Geres‚'’
864 3011 944 3048 casu-

103 3083 158 3138 que
181 3065 274 3138 prima
295 3066 390 3124 littora
411 3069 511 3125 itidem
535 3069 747 3138 immutatam
769 3090 786 3127 a
808 3070 942 3129 Graecis:

103 3161 168 3198 uam
184 3141 219 3200 ab
234 3143 290 3199 illis
305 3163 417 3221 quoque
432 3151 561 3224 Δημήτηρ
576 3149 658 3226 quasi
671 3152 799 3225 Γημίητηρ
812 3150 944 3207 nomina-
