2224 3446
378 146 752 209 car.x1.-x1v‚,§25-a1.
937 151 985 198 rea

186 249 246 306 Nee
255 268 308 305 nos
317 248 455 325 impediet
463 247 511 305 illa
520 248 622 324 ignava
631 247 712 317 ratic,
722 266 793 324 quae
803 246 923 305 dieitur:
939 269 986 325 ap·

146 329 267 406 pellatur
284 328 359 384 enim
376 328 492 404 quidam
510 347 526 384 a
541 326 720 404 philosophis
733 326 819 403 ἀργὸς
833 329 927 399 λόγος,
939 329 986 386 eui

146 410 171 466 si
181 427 337 485 pareamus
349 407 421 463 nihil
438 407 556 464 omnino
570 426 687 486 agamus
704 407 735 463 in
746 408 812 464 vita.
849 407 896 464 Sic
908 408 986 464 enim

146 489 339 564 interrogant:
360 488 376 514 “
387 487 417 544 Si
428 488 521 544 fatum
532 487 586 543 tibi
601 493 643 544 est
655 506 689 544 ex
699 486 755 543 hoc
769 486 870 544 morbo
885 507 987 544 conva-

146 569 257 643 lescere,
267 569 367 624 sivetu
378 566 521 624 medicum
531 566 701 637 adhibueris,
713 567 771 624 sive
782 585 840 622 non
851 566 987 624 adhibue-

146 649 193 718 ris,
204 645 407 704 convalesces.'’
436 651 482 704 29.
496 645 586 704 Item:
603 646 659 704 “si
668 646 760 703 fatum
771 645 824 702 tibi
834 653 876 703 est
886 666 918 704 ex
931 647 986 704 hoo

147 727 249 784 morbo
270 746 328 783 non
349 725 550 796 convalescere,
567 726 672 783 sivetu
690 726 834 784 medicum
852 726 987 783 adhibue-

147 807 185 862 ris
197 807 255 863 sive
266 825 325 862 non
336 805 506 875 adhibueris
517 824 575 862 non
587 805 790 863 convalesces'’
818 806 857 863 Et
865 805 985 863 alterum

148 892 243 942 utrum
252 886 344 942 fatum
353 893 402 943 est.
421 885 565 942 Medicum
574 904 642 961 ergo
649 885 784 943 adhibere
793 880 864 943 nihil
872 887 984 944 attinet.

188 965 271 1022 XIII.
294 965 382 1022 Recte
404 984 494 1041 genus
515 965 571 1022 hoo
593 965 826 1042 interrogationis
848 967 986 1043 ignavum

148 1051 233 1122 atque
247 1045 322 1102 iners
336 1046 516 1102 nominatum
530 1052 581 1116 est,
595 1044 672 1121 quod
687 1046 786 1102 eadem
803 1048 913 1104 ratione
928 1067 987 1103 om-

148 1125 194 1180 nis
211 1145 226 1181 e
243 1126 301 1182 vita
317 1126 433 1182 tolletur
453 1126 536 1183 actio.
578 1124 658 1182 Licet
675 1126 761 1182 etiam
778 1126 938 1198 immutare,
954 1135 986 1184 nt

150 1204 205 1261 fati
229 1223 334 1260 nomen
358 1224 393 1262 ne
418 1205 556 1281 adiungas
578 1211 607 1262 ct
632 1205 751 1262 eandem
772 1212 868 1262 tamen
890 1214 986 1263 teneas

151 1284 329 1355 sententiam,
340 1283 395 1340 hoe
412 1284 500 1341 modo
519 1285 576 1342 “Si
590 1305 624 1342 ex
639 1286 805 1342 aeternitate
819 1305 916 1342 verum
931 1285 986 1342 hoc

151 1365 208 1421 fnit
223 1364 282 1421 ‘Ex
293 1365 349 1422 isto
362 1363 464 1420 morbo
479 1363 673 1436 convalesces’
686 1365 743 1422 sive
758 1364 920 1422 adhibueris
930 1384 987 1421 me-

152 1445 247 1501 dicum
269 1445 327 1501 sive
348 1463 405 1500 non
422 1444 592 1515 adhibueris
611 1444 815 1502 convalesces.''
857 1445 986 1520 Itemque

153 1524 210 1580 “Si
227 1543 260 1580 ex
282 1525 447 1580 aeternitate
464 1523 519 1581 hoc
535 1524 641 1581 falsum
657 1524 715 1581 fuit
732 1525 792 1581 ‘Ex
807 1525 864 1581 isto
884 1524 986 1581 morbo

150 1603 344 1675 convalesces,'
357 1605 414 1661 sive
429 1604 591 1661 adhibueris
605 1604 748 1662 medicum
764 1605 822 1661 sive
836 1623 894 1660 non
909 1603 988 1660 adhi-

150 1683 252 1755 bueriS,
264 1703 323 1741 non
337 1683 541 1742 convalesces'’
578 1684 692 1741 Deinde
704 1691 802 1742 cetera.
843 1690 888 1742 30.
906 1683 987 1740 Haec

150 1765 222 1822 ratio
245 1784 263 1820 a
279 1763 446 1841 Chrysippo
471 1764 696 1841 reprehenditur.
739 1763 883 1832 Quaedam
910 1764 987 1820 enim

151 1851 225 1916 sunt,
243 1845 345 1921 inquit,
363 1845 393 1901 in
414 1843 498 1901 rebus
519 1844 666 1920 simplicia,
683 1844 821 1921 quaedam
846 1843 986 1920 copulata.

151 1924 278 2002 Simplex
302 1932 344 1981 est
367 1923 535 1982 “Morietur
555 1924 604 1981 illo
629 1925 676 1981 die
700 1923 857 1981 Socrates.’'
899 1923 986 1993 Huic,

151 2005 210 2061 sive
231 2004 301 2082 quid
317 2004 418 2061 fecerit
439 2004 497 2061 sive
518 2023 576 2060 non
597 2004 705 2075 fecerit,
722 2003 820 2061 finitus
841 2009 884 2061 est
903 2004 989 2060 mori-

152 2083 218 2140 endi
239 2084 307 2142 dies.
349 2083 391 2141 At
408 2084 431 2141 si
448 2084 489 2140 ita
504 2085 597 2141 fatum
619 2093 662 2142 est
679 2084 845 2142 “Nascetur
861 2083 989 2160 Oedipus

151 2162 248 2235 Laio,”
260 2183 318 2221 non
329 2164 436 2240 poterit
450 2164 515 2235 diei,
528 2165 586 2222 sive
596 2165 685 2222 fuerit
695 2164 780 2222 Laius
795 2185 860 2222 oum
872 2164 989 2221 muliere

152 2244 210 2300 sive
227 2263 285 2300 non
299 2244 403 2301 fuerit:
425 2244 557 2320 copulata
571 2244 648 2301 enim
662 2264 706 2301 res
721 2252 764 2301 est
778 2252 807 2302 et
821 2243 988 2301 confatalis:

152 2324 192 2380 sic
206 2325 283 2381 enim
297 2323 429 2401 appellat,
443 2324 510 2401 quia
523 2325 564 2381 ita
573 2324 667 2380 fatum
682 2324 720 2380 sit
731 2332 761 2380 et
771 2323 989 2380 concubiturum

152 2422 216 2460 cnm
234 2423 322 2460 uxore
339 2403 439 2460 Laium
457 2411 486 2461 et
502 2423 537 2461 cx
553 2422 587 2460 ea
603 2403 748 2479 Oedipum
765 2411 988 2479 procreaturum,

152 2490 192 2554 ut,
208 2484 232 2540 si
249 2491 322 2541 esset
339 2484 447 2541 dictum
471 2482 665 2541 “Luctabitur
685 2481 830 2559 Olympiis
847 2481 916 2539 Milo
926 2481 942 2510 ’'
961 2491 990 2540 et

152 2564 269 2621 referret
296 2563 398 2640 aliquis
423 2564 440 2591 “
450 2564 535 2640 Ergo,
558 2564 616 2620 sive
640 2561 772 2620 habuerit
800 2561 990 2619 adversarium

153 2643 211 2701 sive
225 2663 283 2700 non
297 2643 436 2714 habuerit,
448 2643 628 2715 luctabitur‚'’
641 2649 753 2700 erraret.
788 2641 841 2698 Est
855 2642 932 2698 enim
946 2661 992 2697 eo-

152 2723 283 2799 pulaturn
296 2722 513 2795 “Luctabitur‚”
525 2725 592 2802 quia
606 2724 666 2781 sine
677 2721 836 2780 adversario
848 2721 926 2779 nulla
935 2721 991 2778 luc-

152 2805 224 2860 tatio
241 2810 291 2860 est.
334 2804 442 2862 Omnes
458 2804 546 2881 igitur
560 2805 643 2862 istius
657 2803 769 2881 generis
786 2803 932 2879 captiones
947 2820 992 2857 eo-

153 2883 220 2940 dem
236 2884 324 2940 modo
341 2884 515 2942 refelluntur.
560 2884 653 2942 “Sive
670 2891 702 2941 tu
719 2882 883 2941 adhibueris
904 2882 992 2938 medi-

153 2983 219 3020 cum
247 2964 305 3020 sive
326 2960 383 3020 non
405 2964 577 3034 adhibueris,
596 2964 774 3022 convalesces
783 2963 799 2991 '’
822 2963 990 3042 captiosum.

153 3042 223 3099 Tam
240 3044 314 3100 enim
331 3050 373 3100 est
387 3043 474 3101 fatale
487 3044 632 3100 medicum
646 3044 781 3102 adhibere
792 3063 876 3121 quam
893 3060 992 3099 conva-

154 3121 265 3179 lescere.
307 3122 395 3192 Haec,
408 3130 441 3180 ut
455 3124 522 3194 dixi,
535 3125 690 3181 confatalia
704 3123 751 3180 ille
765 3122 897 3200 appellat.

194 3201 276 3259 XIV.
320 3207 366 3258 31.
389 3201 549 3258 Carneades
565 3222 655 3276 genus
672 3203 728 3258 hoc
744 3209 840 3258 totum
856 3219 914 3258 non
928 3217 991 3276 pro
