2224 3446
248 118 317 167 LIB.
330 118 377 178 11,
392 118 469 166 CAI’.
484 118 731 180 XXV.-XXVIII.‚
746 119 760 178 §
774 124 862 170 55-61.
928 127 977 173 217

136 219 203 296 guis
219 237 271 275 nec
288 217 375 275 sudor
388 218 443 274 uisi
460 237 476 275 e
492 237 610 295 corpore
627 225 677 276 eat.
720 219 777 276 Sed
792 228 821 277 et
834 221 977 280 decolora-

136 299 180 356 tio
202 297 342 374 quaedam
363 317 398 354 ex
418 297 514 374 aliqua
533 299 704 374 contagione
725 306 836 357 terrena
852 303 976 360 maxime

136 385 234 455 potest
254 378 400 454 sanguinis
421 377 522 435 similis
543 398 603 435 esse
624 384 653 435 et
673 398 757 435 umor
777 379 910 456 adlapsus
931 401 977 438 ex-

135 459 283 528 trinsecus,
296 466 329 515 ut
342 458 373 514 in
387 458 515 516 tectoriis
528 458 658 515 videmus
672 467 776 528 austro,
789 459 922 517 sudorem
936 462 976 518 vi-

135 538 221 595 detur
237 537 351 595 imitari.
394 538 493 614 Atque
509 538 579 594 haec
593 538 623 594 in
638 537 712 595 bello
726 538 809 614 plura
825 546 854 596 et
868 541 976 598 maiora

135 618 270 675 videntur
286 617 462 686 timentibus,
478 617 578 674 eadem
595 637 654 674 non
671 625 730 674 tam
747 618 975 677 animadvertun-

135 705 184 755 tur
200 699 230 754 in
247 717 324 774 pace.
367 697 489 754 Accedit
504 697 576 754 illud
593 698 688 768 etiam,
704 698 783 775 quod
799 699 829 756 in
846 708 925 758 metu
946 710 976 758 et

135 778 262 855 periculo
278 798 341 836 cum
358 778 511 836 creduntur
524 777 637 835 facilius
652 786 714 836 tum
726 779 873 855 finguntur
883 780 976 856 impu-

135 859 209 916 nius.
253 865 298 916 59.
322 859 383 916 Nos
404 866 500 916 autem
517 859 558 916 ita
574 857 649 915 leves
670 867 756 936 atque
772 860 975 918 inconsiderati

135 958 242 1008 sumna,
258 947 298 1010 ut,
315 940 339 996 si
355 959 450 996 mures
470 939 641 996 corroserint
661 939 778 1016 aliquid,
794 960 915 1016 quorum
932 949 975 998 est

136 1039 210 1094 opus
230 1018 285 1076 hoc
310 1039 408 1089 unum,
426 1027 587 1076 monstrum
609 1021 761 1094 putemus?
802 1020 880 1078 Ante
908 1041 974 1078 vero

136 1099 290 1156 Marsicum
306 1099 421 1170 bellum,
438 1100 516 1176 quod
537 1099 644 1174 clipeos
661 1098 838 1169 Lanuvii,·ut
854 1120 871 1157 a
887 1107 916 1158 te
932 1109 975 1159 est

135 1180 255 1250 dictum,
268 1199 362 1236 mures
376 1179 520 1251 rosissent,
533 1178 690 1235 maximum
704 1179 735 1235 id
749 1186 914 1254 portentum
928 1181 976 1238 ha-

136 1261 261 1336 ruspices
278 1279 338 1317 esse
352 1259 493 1316 dixerunt.
536 1259 623 1327 Quasi
637 1277 703 1316 vero
721 1258 873 1335 quicquam
892 1260 976 1317 inter-

135 1340 173 1396 sit
195 1359 290 1397 murcs
312 1340 389 1397 diem
411 1347 526 1396 noctem
548 1338 657 1415 aliquid
679 1338 812 1396 rodentes
837 1346 917 1396 scuta
939 1361 975 1397 an

134 1420 227 1476 cribra
241 1420 419 1477 corroserint.
462 1419 537 1476 Nam
552 1420 577 1476 si
588 1419 642 1476 ista
657 1419 809 1495 sequimur,
823 1419 901 1495 quod
912 1419 975 1476 Pla-

134 1501 213 1557 tonis
228 1501 245 1527 “
255 1499 385 1576 politiam
394 1499 410 1526 ’'
426 1519 517 1576 nuper
531 1499 608 1576 apud
620 1518 666 1556 me
676 1519 771 1556 mures
785 1508 973 1570 corroserunt,

134 1581 171 1638 de
185 1600 215 1638 re
229 1580 344 1658 publica
357 1579 444 1637 debui
455 1580 661 1656 pertimescere,
675 1586 732 1650 aut,
745 1579 769 1636 si
779 1579 897 1654 Epicuri
912 1580 929 1606 “
939 1581 975 1638 de

134 1661 282 1738 voluptate
291 1660 307 1688 '’
323 1660 394 1718 liber
408 1679 537 1718 corrosus
551 1666 632 1732 esset,
645 1667 776 1736 putarem
790 1678 933 1717 annonam
945 1660 975 1716 in

133 1742 253 1799 macello
268 1742 404 1799 cariorem
419 1742 489 1798 fore.

174 1822 320 1880 XXVIII.
364 1828 409 1879 60.
432 1822 480 1878 An
495 1840 561 1878 vero
572 1820 621 1878 illa
634 1839 686 1877 uos
697 1826 812 1891 terrent,
825 1819 975 1897 siquando

133 1904 230 1981 aliqua
244 1909 429 1979 portentuosa
443 1909 492 1959 aut
506 1921 540 1958 ex
551 1901 660 1977 pecude
675 1909 725 1958 aut
735 1921 769 1958 ex
780 1901 897 1958 homine
908 1908 976 1958 nata

134 1984 287 2041 dicuutur?
304 2002 425 2060 quorum
438 1981 575 2053 omnium,
586 2001 622 2038 nc
637 1981 689 2038 sim
702 1981 822 2058 longior,
833 2001 891 2038 una
900 1981 974 2038 ratio

133 2071 185 2122 est.
225 2062 373 2140 Quidquid
385 2062 460 2120 enim
473 2063 570 2131 oritur,
582 2061 786 2138 qualecumque
798 2069 848 2133 ost,
861 2081 975 2120 causam

133 2144 239 2201 habeat
255 2163 272 2200 a
288 2150 390 2200 natura
405 2161 518 2199 necesse
532 2148 584 2211 est,
597 2148 630 2198 ut
643 2143 729 2199 etiam
745 2143 768 2198 si
782 2149 894 2218 praeter
910 2161 976 2198 con-

134 2223 316 2282 suetudinem
341 2222 488 2292 exstiterit,
504 2231 616 2297 praeter
639 2229 770 2278 naturam
794 2229 891 2279 tamen
916 2241 974 2278 nou

134 2305 226 2381 possit
250 2303 392 2360 exsistere.
435 2302 557 2359 Causam
581 2301 671 2378 igitur
694 2301 865 2376 investigato
890 2301 920 2357 in
944 2320 974 2357 re

133 2403 210 2440 nova
230 2390 315 2460 atque
337 2381 505 2452 admirabili,
522 2383 545 2438 si
563 2382 677 2456 poteria
720 2380 752 2436 Si
768 2381 875 2436 nullam
897 2399 975 2457 repe

133 2465 198 2535 rica,
210 2463 282 2520 illud
295 2470 392 2520 tamen
410 2462 588 2539 explorat-um
605 2460 718 2529 habeto,
731 2459 803 2515 nihil
818 2459 878 2516 fieri
892 2467 975 2536 potu-

131 2544 189 2603 isse
204 2544 264 2600 sine
275 2562 366 2612 causa,
380 2561 501 2619 eumque
517 2549 661 2610 terrorem,
675 2557 759 2616 quem
774 2538 828 2596 tibi
842 2539 883 2596 rei
897 2540 975 2596 novi-

134 2628 179 2680 tas
200 2623 336 2692 attulerit‚
353 2631 469 2679 naturae
492 2621 602 2678 ratione
624 2619 769 2695 depellito.
812 2618 856 2675 Ita
872 2625 901 2676 tc
922 2639 974 2676 nec

133 2711 225 2760 terrae
245 2704 378 2760 fremitus
395 2721 446 2758 nec
464 2702 534 2758 caeli
551 2701 690 2757 discessus
706 2718 758 2756 nec
775 2698 904 2774 lapideus
925 2705 975 2755 aut

134 2783 307 2860 sanguineus
318 2783 409 2838 imber
423 2801 475 2839 nec
489 2781 619 2838 traiectio
634 2779 730 2836 stellae
744 2797 796 2835 nec
807 2779 884 2836 faces
899 2778 974 2835 visae

133 2863 289 2920 terrebunt.
332 2867 378 2918 61.
402 2861 529 2930 Quorum
551 2860 680 2916 omnium
697 2877 794 2916 causas
811 2859 835 2914 si
852 2878 869 2915 a
885 2857 975 2934 Chry-

134 2945 218 3020 sippo
231 2961 372 3020 quaeram,
383 2942 443 3018 ipse
455 2940 501 2997 ille
512 2940 697 2997 divinationis
708 2947 807 2996 auctor
817 2957 974 3015 numquam

133 3023 183 3080 illa
200 3023 276 3080 dicct
292 3023 370 3078 facta
385 3021 507 3077 fortuito
525 3018 738 3096 naturalemque
759 3019 897 3075 rationem
916 3037 975 3074 om-

133 3103 215 3159 nium
229 3102 337 3159 reddet.
380 3100 460 3156 Nihil
476 3100 552 3156 enim
566 3098 626 3156 fieri
642 3099 702 3156 sine
716 3118 800 3156 causa
813 3103 909 3174 potest
923 3115 974 3152 nec

134 3182 292 3258 quidquam
309 3181 349 3251 fit,
363 3179 441 3256 quod
455 3177 516 3235 fieri
532 3198 590 3234 non
607 3185 711 3253 potest.
754 3178 823 3248 Noc,
836 3178 859 3234 si
873 3177 903 3233 id
918 3176 974 3232 fac-
