2220 3432
334 123 757 186 Lrn.1r.,cxr.1.,11.,§1a.
939 125 971 172 ro

126 229 190 288 Nos
204 234 301 285 autem
315 227 371 284 hoc
386 246 516 284 sermone
527 246 603 304 quae
617 227 713 303 priora
727 226 785 284 duo
800 233 867 284 sunt
881 245 973 284 suma·

125 329 200 380 mus,
208 308 326 366 tertium
341 314 371 365 et
385 314 526 384 quartum,
538 307 605 384 quia
617 307 726 364 maiora
740 313 815 376 sunt,
826 312 898 382 puto
912 325 972 362 csse

125 391 157 446 in
168 389 246 446 aliud
258 394 374 464 tempus
385 387 551 444 differenda.
587 387 707 444 Minime
719 406 793 458 vero,
802 386 898 464 inquit
906 385 973 444 Cot

125 479 173 527 ta:
195 489 263 526 nam
278 474 307 526 et
318 467 404 525 otiosi
419 486 517 524 sumus
532 476 561 524 et
571 467 606 524 iis
620 467 656 525 de
671 467 755 524 rebus
769 466 889 543 agimus,
901 485 972 542 quae

125 556 195 606 sunt
209 549 296 606 ctiam
310 547 434 625 negotiis
449 547 674 624 anteponendae.

167 629 205 686 Il.
249 633 275 685 4.
295 629 370 686 Tum
388 627 532 685 Lucilius:
554 625 599 685 Ne
616 647 699 704 egere
716 625 834 704 quidem
849 625 971 696 videtur,

124 710 229 786 inquit,
243 710 372 766 oratione
387 709 481 785 prima
494 727 568 784 pars.
611 707 689 777 Quid
703 708 780 766 enim
797 712 895 784 potest
912 725 972 762 esse

124 798 186 846 tam
209 796 340 866 apertum
361 796 478 866 tamque
501 788 693 865 perspicuum,
709 806 775 844 cum
797 786 907 844 caelum
929 806 973 842 su·

124 871 272 946 speximus
287 869 474 946 caelestiaque
489 867 677 944 contemplati
691 887 797 938 sumus,
811 887 896 944 quam
911 885 972 924 csse

124 950 244 1026 aliquod
258 969 364 1006 numen
380 949 639 1026 praestantissimae
655 947 768 1018 mentis,
779 967 836 1024 quo
847 947 917 1005 haec
932 967 972 1003 rc-

123 1031 249 1106 gantur?
283 1028 367 1098 Quod
379 1031 409 1086 ni
420 1031 462 1086 ita
472 1036 554 1101 esset,
565 1029 614 1106 qui
626 1029 768 1106 potuisset
779 1028 901 1086 adsensu
912 1047 972 1084 om-

124 1109 207 1166 nium
222 1110 316 1167 dicere
330 1110 456 1166 Ennius:

125 1231 219 1294 Aspice
233 1231 279 1279 boo
294 1231 415 1280 sublimen
431 1231 547 1292 culidem,
558 1245 630 1294 quem
645 1230 761 1279 invocant
774 1244 861 1278 ornnes
874 1229 968 1290 Iovem,

124 1349 206 1406 illum
219 1369 286 1408 vero
302 1356 330 1406 et
341 1348 441 1407 Iovem
455 1355 484 1406 ct
496 1348 707 1406 dominatorem
721 1367 816 1406 rerum
831 1354 861 1406 et
875 1348 972 1405 omnia

124 1436 199 1487 nutu
212 1435 359 1506 regentem
374 1436 411 1501 et,
424 1436 457 1486 ut
471 1429 549 1487 idem
563 1429 682 1500 Ennius

321 1559 417 1613 patrem
428 1551 560 1613 divomque
571 1549 749 1612 hominumque

124 1670 154 1722 et
175 1668 353 1740 praesentem
375 1681 407 1719 ac
427 1668 645 1738 praepotentem
667 1660 773 1718 deum?
814 1659 899 1729 Quod
921 1660 971 1738 qui

124 1742 247 1814 dubitet,
259 1742 338 1799 haud
353 1762 419 1799 sanc
436 1740 573 1818 intellego
591 1761 641 1799 cur
657 1760 714 1798 nou
729 1741 807 1799 idem
825 1740 867 1798 sol
882 1741 970 1798 sitan

124 1822 220 1880 nullus
234 1823 273 1880 sit
286 1822 417 1880 dubitare
431 1822 531 1900 possit.
576 1829 602 1879 5.
625 1821 683 1890 Qni
697 1822 774 1879 euim
792 1827 835 1879 est
850 1821 905 1879 boc
919 1822 970 1879 illo

124 1903 304 1965 evidentius?
341 1903 427 1972 Quod
441 1903 496 1959 nisi
511 1902 660 1978 cognitum
675 1901 969 1980 comprehensumque

124 1983 229 2040 animis
243 1982 421 2053 haberemus,
433 2002 493 2040 non
507 1989 567 2040 tam
582 1981 692 2040 stabilis
710 1983 808 2059 opinio
823 2001 968 2060 penuane·

124 2070 168 2121 ret
181 2082 235 2121 nec
252 2063 468 2122 confirmaretur
484 2062 674 2121 diuturnitate
687 2063 827 2140 temporis
843 2082 895 2120 nec
912 2083 970 2120 una

124 2163 191 2201 cnm
200 2143 319 2201 saeculis
328 2143 526 2219 aetatibusque
534 2143 686 2200 hominum
695 2143 852 2201 inveterare
861 2145 969 2220 potuis·

124 2232 175 2282 set.
218 2224 335 2282 Etenim
349 2223 480 2281 videmus
497 2230 604 2281 ceteras
621 2222 773 2300 opiniones
787 2222 868 2281 fictas
883 2231 968 2302 atque

123 2324 211 2362 vanas
222 2303 412 2361 diuturnitate
423 2303 591 2362 extabuisse.
631 2303 701 2371 Quis
713 2305 791 2361 enim
801 2303 969 2382 Hippocen·

123 2393 238 2442 taurum
247 2384 337 2441 fuisse
346 2391 396 2442 aut
405 2383 584 2442 Chimaeram
595 2384 697 2460 putatl
715 2402 822 2461 quaeve
831 2392 968 2443 anastam

124 2484 223 2522 excors
237 2465 360 2522 inveniri
371 2470 468 2541 potest
478 2482 551 2541 quae
565 2463 614 2521 illa
628 2483 700 2540 quac
716 2464 861 2541 quondam
876 2465 970 2522 crede·

122 2545 229 2602 bantur
249 2545 327 2622 apud
343 2545 452 2602 inferos
468 2551 604 2622 portenta
624 2544 809 2601 extimescat?
850 2543 970 2620 Opinio-

122 2644 195 2683 num
210 2625 286 2682 enim
301 2631 466 2682 commenta
479 2623 556 2682 delet
571 2623 640 2695 dies,
652 2631 771 2681 naturae
784 2623 890 2681 iudicia
904 2642 970 2680 con-

123 2705 226 2762 firmat.
270 2704 371 2782 Itaque
387 2713 415 2762 et
426 2705 456 2761 iu
470 2711 569 2761 nostro
581 2702 690 2781 populo
704 2710 734 2760 et
744 2703 774 2760 in
790 2703 890 2760 ceteris
904 2703 970 2760 deo

122 2803 185 2841 rum
199 2784 292 2842 cultus
303 2785 532 2862 religionumque
544 2785 709 2841 sanctitates
719 2782 860 2841 exsistunt
869 2783 899 2839 in
909 2783 969 2840 dios

123 2865 246 2922 maiores
258 2873 344 2942 atque
356 2864 494 2922 meliores.
539 2868 564 2921 6.
584 2862 676 2940 ldque
687 2863 782 2922 evenit
793 2881 851 2920 non
861 2869 969 2920 temere

123 2963 177 3006 nec
188 2963 262 3016 casu,
274 2945 324 3000 sed
336 2944 413 3022 quod
425 2951 454 3002 et
464 2943 654 3020 praesentiam
666 2961 750 3020 saepe
761 2943 821 3000 divi
832 2963 912 3001 suam
923 2943 970 3000 de·

124 3023 240 3096 clarent,
251 3032 284 3081 ut
295 3031 324 3082 et
335 3025 412 3102 apud
423 3023 567 3100 Regillum
583 3021 657 3080 bello
669 3021 845 3093 Latinorum,
855 3041 920 3080 cum
932 3023 967 3081 A.

124 3103 293 3162 Postumius
308 3104 433 3162 dictator
447 3123 513 3160 oum
527 3101 648 3160 Octavio
663 3101 792 3160 Mamilio
807 3103 969 3160 Tusculano

125 3184 236 3261 proelio
251 3184 409 3255 dimicaret,
422 3183 453 3240 in
467 3188 566 3238 nostra
582 3181 642 3238 acie
655 3181 759 3239 Castor
772 3189 802 3240 et
815 3182 920 3240 Pollux
935 3201 969 3238 ex
