2220 3432
124 113 159 160 ·as
345 110 395 160 nu
414 109 565 160 unauna
584 83 745 160 uuonan.

129 219 195 271 102.
217 212 299 270 Nihil
315 211 410 283 habet,
426 212 529 288 inquit,
546 212 663 290 negotii.
706 211 843 270 Profecto
864 212 970 290 Epicu-

125 313 175 351 ,rus
190 293 270 371 quasi
282 293 362 369 pueri
377 291 491 350 delicati
502 292 575 349 nihil
586 293 742 350 cessatione
757 292 859 350 melius
873 294 969 351 existi·

127 380 194 430 mat.
237 371 398 432 XXXVII.
420 372 463 430 At
483 372 539 449 ipsi
560 379 657 430 tamen
681 372 771 448 pueri,
790 373 877 430 etiam
901 393 968 431 cum

127 460 246 523 cessant,
272 452 475 510 exercitatione
505 452 601 530 aliqua
630 452 739 510 ludicra
773 452 967 511 delectantur:

100 597 105 607 ,
126 534 213 590 deum
230 533 271 590 sic
287 532 422 590 feriatum
437 532 569 590 volumus
585 533 742 590 cessatione
756 539 877 609 torpere,
889 540 930 604 ut,
944 534 967 590 si

126 633 156 670 se
173 612 369 681 commoverit,
381 631 529 668 vereamur
545 631 581 669 ne
595 611 696 670 beatus
711 631 770 670 esse
785 632 843 670 non
857 614 967 690 possit!

126 693 207 750 Haec
222 692 313 750 oratio
328 711 387 748 uon
400 691 489 748 modo
507 691 576 750 deos
593 692 698 769 spoliat
711 699 794 750 motu
811 700 840 751 et
854 693 967 752 actione

126 773 231 843 divina,
247 772 297 829 sed
320 771 406 828 etiam
423 771 556 830 homines
575 773 680 830 inertes
697 771 792 844 efficit,
808 773 833 830 si
849 773 967 849 quidem

125 870 214 928 agens
228 851 337 929 aliquid
351 871 387 908 ne
401 851 472 908 deus
486 852 603 928 quidem
618 871 678 909 esse
692 851 793 910 beatus
806 859 911 928 potest.

168 936 233 988 103.
252 931 362 988 Vemm
376 932 414 989 sit
428 951 503 1002 saue,
516 939 548 989 ut
561 932 656 1003 vultis
669 931 739 990 deus
753 931 861 1009 effigies
874 932 968 989 homi-

125 1011 171 1068 nis
185 1017 214 1068 et
228 1011 341 1087 imago:
364 1011 442 1087 quod
456 1011 517 1068 eius
532 1019 575 1069 est
588 1011 776 1082 domicilium,
788 1031 861 1089 quae
875 1013 965 1083 sedeS,

126 1091 176 1167 qui
193 1090 281 1160 loona,
294 1109 365 1167 quae
382 1090 486 1148 deiude
503 1091 578 1149 actio
595 1093 689 1150 vitael
710 1092 814 1168 quibus
830 1092 922 1163 rebus,
935 1092 967 1150 id

126 1170 204 1247 quod
225 1170 319 1241 vultiS,
338 1169 439 1227 beatus
463 1173 524 1228 estl
564 1171 674 1230 Utatur
697 1172 775 1228 enim
800 1172 858 1228 suis
883 1171 967 1228 bonis

125 1257 240 1327 oportet
257 1257 286 1308 et
301 1251 413 1307 fruatur
427 1251 477 1327 qui
493 1251 593 1308 beatus
606 1252 721 1308 futurus
742 1259 792 1310 est.
834 1251 910 1308 Nam
927 1251 968 1309 lo-

125 1349 175 1387 cus
190 1330 307 1408 quidem
321 1331 357 1388 iis
370 1331 457 1388 etiam
472 1331 589 1401 naturis,
603 1350 674 1408 quae
692 1331 753 1389 sine
770 1331 873 1388 animis
890 1340 966 1404 sunt,

126 1429 192 1468 suns
215 1417 258 1468 est
278 1411 381 1488 cuique
402 1411 543 1487 proprius
559 1417 592 1468 ut
612 1419 687 1468 terra
706 1410 838 1468 infimum
860 1418 965 1483 teneat,

125 1489 198 1547 hanc
218 1491 341 1548 inundet
361 1509 443 1567 aqua,
459 1491 588 1567 superior
608 1491 676 1562 aeri,
692 1491 808 1568 ignibus
829 1491 967 1550 altissima

125 1589 175 1626 ora
188 1569 331 1628 reddatur.
373 1569 536 1628 Bestiarum
551 1577 648 1629 autem
662 1577 790 1628 terrenae
804 1579 871 1629 sunt
885 1571 965 1643 aliae,

124 1650 230 1726 partim
254 1649 400 1726 aquatiles
418 1650 489 1707 aliae
517 1651 598 1726 quasi
621 1651 769 1727 aucipites,
791 1651 822 1708 iu
846 1657 967 1728 utraque

125 1729 191 1786 sede
206 1729 350 1786 viventes:
372 1736 440 1786 sunt
454 1730 593 1806 quaedam
611 1730 698 1788 etiam
715 1750 788 1807 quae
804 1731 871 1808 igne
887 1732 967 1789 nasci

125 1815 263 1884 putentur
274 1815 485 1886 appareantque
494 1810 523 1866 in
535 1810 701 1868 ardentibus
709 1811 874 1868 fornacibus
883 1830 969 1889 saepe·

125 1888 284 1946 volitantes.
329 1893 394 1946 104.
418 1888 529 1957 Quaero
544 1889 633 1966 igitur
647 1897 739 1948 vester
755 1891 827 1948 deus
839 1893 966 1968 primurn

125 1967 175 2025 ubi
192 1968 310 2040 habitet,
327 1967 431 2026 deinde
452 1988 623 2046 quae-causa
639 1990 705 2028 eum
721 1971 785 2028 loco
802 1979 925 2041 moveat,
942 1972 966 2028 si

124 2047 213 2105 modo
234 2054 366 2105 movetur
386 2049 548 2126 aliqnando,
566 2057 721 2126 postremo,
739 2070 805 2108 cum
825 2051 881 2108 hoc
902 2071 967 2128 pro·

124 2128 218 2204 prium
237 2128 275 2186 sit
291 2128 490 2201 animantium,
502 2136 535 2186 ut
552 2130 661 2207 aliquid
678 2137 816 2208 appetant
833 2131 911 2208 quod
929 2131 967 2189 sit

125 2215 241 2266 naturae
255 2208 513 2280 accommodatum,
526 2209 596 2266 deus
611 2211 681 2288 quid
695 2218 821 2288 appetat,
831 2211 868 2268 ad
879 2231 966 2289 quam

125 2287 248 2365 denique
264 2308 324 2347 rem
342 2296 424 2347 motu
440 2290 546 2347 mentis
563 2309 595 2347 ac
611 2291 721 2348 ratione
738 2298 843 2361 utatur,
859 2298 967 2368 postre-

125 2387 173 2425 mo
185 2387 242 2445 quo
252 2369 340 2427 modo
351 2368 452 2428 beatus
466 2370 512 2440 sit,
523 2389 580 2446 quo
595 2371 683 2428 modo
697 2377 835 2429 aeternus.
878 2370 967 2440 Quid·

125 2449 196 2526 quid
212 2449 289 2507 enim
305 2450 407 2507 horum
430 2450 567 2527 attigeris,
583 2451 663 2508 ulcus
680 2458 730 2509 cst.
773 2451 819 2509 Ita
834 2451 909 2509 male
925 2452 967 2508 in-

125 2529 226 2586 stituta
241 2530 315 2587 ratio
332 2530 441 2588 exitum
462 2531 586 2608 reperire
606 2550 664 2588 non
681 2538 785 2608 potest.
830 2537 895 2589 105.
918 2531 966 2589 Sic

124 2609 202 2666 enim
222 2609 345 2682 dicebas,
364 2611 488 2687 speciem
510 2611 557 2668 dei
573 2611 683 2688 percipi
703 2611 888 2688 cogitatione,
906 2631 966 2669 non

124 2707 216 2760 sensu,
227 2707 279 2747 nec
290 2709 350 2748 esse
361 2690 391 2747 in
403 2709 436 2748 ea
446 2691 534 2748 ullam
546 2691 719 2750 soliditatem
731 2711 824 2769 neque
835 2691 966 2750 eamdem

124 2768 326 2826 adnumerum
343 2789 509 2846 permanere
526 2787 646 2848 eamque
663 2791 724 2829 csse
741 2773 802 2830 eins
816 2772 965 2844 visionem,

124 2854 157 2904 ut
171 2846 359 2906 similitudine
373 2856 402 2906 et
416 2851 586 2908 transitione
600 2858 732 2908 cernatur
745 2870 837 2929 neque
852 2851 967 2910 deficiat

124 2944 261 3002 umquam
276 2946 310 2984 ex
321 2927 442 2985 infinitis
456 2929 623 3006 corporibus
637 2931 774 2988 similium
789 2932 920 3002 accessio,
931 2951 967 2989 ex

124 3023 216 3080 eoque
232 3004 343 3064 fierint
359 3007 389 3064 in
407 3007 477 3065 haec
498 3010 610 3066 intenta
631 3029 713 3067 mens
734 3017 833 3068 nostra
851 3010 967 3068 beatam

124 3083 202 3139 illam
224 3092 355 3142 naturam
377 3094 407 3144 et
429 3089 632 3164 sempiternam
653 3096 745 3166 putet.
787 3090 965 3150 XXXVIII.

125 3163 199 3232 Hoc,
211 3181 263 3240 per
275 3163 357 3240 'ipsos
378 3165 455 3237 deos,
468 3167 503 3224 de
521 3168 625 3244 quibus
641 3168 794 3246 loquimur,
807 3170 889 3246 quale
905 3177 968 3228 tan-
