<?xml version="1.0" encoding="UTF-8"?>
<!DOCTYPE html PUBLIC "-//W3C//DTD XHTML 1.0 Transitional//EN"
    "http://www.w3.org/TR/xhtml1/DTD/xhtml1-transitional.dtd">
<html xmlns="http://www.w3.org/1999/xhtml" xml:lang="en" lang="en">
 <head>
  <title>
</title>
<meta http-equiv="Content-Type" content="text/html;charset=utf-8" />
  <meta name='ocr-system' content='tesseract 3.04.00' />
  <meta name='ocr-capabilities' content='ocr_page ocr_carea ocr_par ocr_line ocrx_word'/>
</head>
<body>
  <div class='ocr_page' id='page_1' title='image "./mtulliiciceroni106cicegoog/mtulliiciceroni106cicegoog_0253.png"; bbox 0 0 2224 3446; ppageno 0'>
   <div class='ocr_carea' id='block_1_1' title="bbox 134 124 709 176">
    <p class='ocr_par' dir='ltr' id='par_1_1' title="bbox 134 124 709 176">
     <span class='ocr_line' id='line_1_1' title="bbox 134 124 709 176; baseline 0.003 -2"><span class='ocrx_word' id='word_1_1' title='bbox 134 127 181 174; x_wconf 78' lang='lat'>242</span> <span class='ocrx_word' id='word_1_2' title='bbox 394 124 443 174; x_wconf 88' lang='lat' dir='ltr'>DE</span> <span class='ocrx_word' id='word_1_3' title='bbox 460 125 709 176; x_wconf 77' lang='lat' dir='ltr'>DIVINATIONE.</span> 
     </span>
    </p>
   </div>
   <div class='ocr_carea' id='block_1_2' title="bbox 133 225 982 3252">
    <p class='ocr_par' dir='ltr' id='par_1_2' title="bbox 133 225 982 3252">
     <span class='ocr_line' id='line_1_2' title="bbox 133 225 973 302; baseline 0.005 -18"><span class='ocrx_word' id='word_1_4' title='bbox 133 227 157 284; x_wconf 92' lang='lat' dir='ltr'>ti</span> <span class='ocrx_word' id='word_1_5' title='bbox 179 225 276 302; x_wconf 91' lang='lat' dir='ltr'>potius</span> <span class='ocrx_word' id='word_1_6' title='bbox 298 244 384 302; x_wconf 91' lang='lat' dir='ltr'>quam</span> <span class='ocrx_word' id='word_1_7' title='bbox 404 225 558 284; x_wconf 76' lang='lat' dir='ltr'>dormienti</span> <span class='ocrx_word' id='word_1_8' title='bbox 575 227 672 284; x_wconf 79' lang='lat' dir='ltr'>daretl</span> <span class='ocrx_word' id='word_1_9' title='bbox 713 227 805 286; x_wconf 89' lang='lat' dir='ltr'>LXII.</span> <span class='ocrx_word' id='word_1_10' title='bbox 828 228 889 286; x_wconf 87' lang='lat' dir='ltr'>Iam</span> <span class='ocrx_word' id='word_1_11' title='bbox 906 250 973 288; x_wconf 89' lang='lat' dir='ltr'>vero</span> 
     </span>
     <span class='ocr_line' id='line_1_3' title="bbox 134 305 973 388; baseline 0.004 -24"><span class='ocrx_word' id='word_1_12' title='bbox 134 305 198 382; x_wconf 90' lang='lat' dir='ltr'>quis</span> <span class='ocrx_word' id='word_1_13' title='bbox 209 305 303 363; x_wconf 83' lang='lat' dir='ltr'>dicere</span> <span class='ocrx_word' id='word_1_14' title='bbox 316 305 420 362; x_wconf 88' lang='lat' dir='ltr'>audeat</span> <span class='ocrx_word' id='word_1_15' title='bbox 430 325 496 363; x_wconf 88' lang='lat' dir='ltr'>vera</span> <span class='ocrx_word' id='word_1_16' title='bbox 506 307 603 364; x_wconf 92' lang='lat' dir='ltr'>omnia</span> <span class='ocrx_word' id='word_1_17' title='bbox 614 326 674 388; x_wconf 83' lang='lat' dir='ltr'>esse</span> <span class='ocrx_word' id='word_1_18' title='bbox 685 308 814 365; x_wconf 79' lang='lat' dir='ltr'>somniat</span> <span class='ocrx_word' id='word_1_19' title='bbox 850 309 973 382; x_wconf 81' lang='lat' dir='ltr'>Aliquot</span> 
     </span>
     <span class='ocr_line' id='line_1_4' title="bbox 133 384 971 462; baseline 0.006 -20"><span class='ocrx_word' id='word_1_20' title='bbox 133 385 244 442; x_wconf 81' lang='lat' dir='ltr'>somnia</span> <span class='ocrx_word' id='word_1_21' title='bbox 258 404 331 456; x_wconf 82' lang='lat' dir='ltr'>vera,</span> <span class='ocrx_word' id='word_1_22' title='bbox 343 385 438 462; x_wconf 92' lang='lat' dir='ltr'>inquit</span> <span class='ocrx_word' id='word_1_23' title='bbox 449 384 568 456; x_wconf 88' lang='lat' dir='ltr'>Ennius,</span> <span class='ocrx_word' id='word_1_24' title='bbox 580 387 628 443; x_wconf 78' lang='lat' dir='ltr'>aad</span> <span class='ocrx_word' id='word_1_25' title='bbox 638 387 734 443; x_wconf 81' lang='lat' dir='ltr'>omnia</span> <span class='ocrx_word' id='word_1_26' title='bbox 744 407 801 444; x_wconf 80' lang='lat' dir='ltr'>aon</span> <span class='ocrx_word' id='word_1_27' title='bbox 811 396 851 444; x_wconf 81' lang='lat' dir='ltr'>est</span> <span class='ocrx_word' id='word_1_28' title='bbox 861 407 971 448; x_wconf 79' lang='lat' dir='ltr'>necesse.</span> 
     </span>
     <span class='ocr_line' id='line_1_5' title="bbox 134 464 976 544; baseline 0.005 -22"><span class='ocrx_word' id='word_1_29' title='bbox 134 464 213 533; x_wconf 82' lang='lat' dir='ltr'>Quae</span> <span class='ocrx_word' id='word_1_30' title='bbox 228 471 271 522; x_wconf 91' lang='lat' dir='ltr'>est</span> <span class='ocrx_word' id='word_1_31' title='bbox 284 464 401 522; x_wconf 90' lang='lat' dir='ltr'>taudem</span> <span class='ocrx_word' id='word_1_32' title='bbox 415 465 470 521; x_wconf 89' lang='lat' dir='ltr'>ista</span> <span class='ocrx_word' id='word_1_33' title='bbox 484 465 650 524; x_wconf 83' lang='lat' dir='ltr'>distinctiol</span> <span class='ocrx_word' id='word_1_34' title='bbox 668 485 823 544; x_wconf 80' lang='lat' dir='ltr'>quaeram,</span> <span class='ocrx_word' id='word_1_35' title='bbox 837 487 908 544; x_wconf 88' lang='lat' dir='ltr'>quae</span> <span class='ocrx_word' id='word_1_36' title='bbox 922 469 976 526; x_wconf 83' lang='lat' dir='ltr'>fal·</span> 
     </span>
     <span class='ocr_line' id='line_1_6' title="bbox 134 544 974 618; baseline 0.005 -16"><span class='ocrx_word' id='word_1_37' title='bbox 134 565 165 602; x_wconf 86' lang='lat' dir='ltr'>sa</span> <span class='ocrx_word' id='word_1_38' title='bbox 185 544 288 602; x_wconf 88' lang='lat' dir='ltr'>habetl</span> <span class='ocrx_word' id='word_1_39' title='bbox 328 545 367 602; x_wconf 87' lang='lat' dir='ltr'>Et</span> <span class='ocrx_word' id='word_1_40' title='bbox 388 544 412 602; x_wconf 88' lang='lat' dir='ltr'>si</span> <span class='ocrx_word' id='word_1_41' title='bbox 433 563 499 601; x_wconf 88' lang='lat' dir='ltr'>vera</span> <span class='ocrx_word' id='word_1_42' title='bbox 514 564 531 602; x_wconf 91' lang='lat' dir='ltr'>a</span> <span class='ocrx_word' id='word_1_43' title='bbox 548 544 602 602; x_wconf 93' lang='lat' dir='ltr'>deo</span> <span class='ocrx_word' id='word_1_44' title='bbox 624 546 787 618; x_wconf 88' lang='lat' dir='ltr'>mittuntur,</span> <span class='ocrx_word' id='word_1_45' title='bbox 804 547 877 604; x_wconf 82' lang='lat' dir='ltr'>falsa</span> <span class='ocrx_word' id='word_1_46' title='bbox 896 549 974 606; x_wconf 88' lang='lat' dir='ltr'>uude</span> 
     </span>
     <span class='ocr_line' id='line_1_7' title="bbox 133 623 974 704; baseline 0.002 -22"><span class='ocrx_word' id='word_1_47' title='bbox 133 625 306 682; x_wconf 66' lang='lat' dir='ltr'>nascuntur?</span> <span class='ocrx_word' id='word_1_48' title='bbox 327 657 329 662; x_wconf 69' lang='lat'>,</span> <span class='ocrx_word' id='word_1_49' title='bbox 346 623 423 680; x_wconf 87' lang='lat' dir='ltr'>Nam</span> <span class='ocrx_word' id='word_1_50' title='bbox 444 624 468 680; x_wconf 92' lang='lat' dir='ltr'>si</span> <span class='ocrx_word' id='word_1_51' title='bbox 484 642 518 682; x_wconf 87' lang='lat' dir='ltr'>ea</span> <span class='ocrx_word' id='word_1_52' title='bbox 534 643 648 701; x_wconf 91' lang='lat' dir='ltr'>quoque</span> <span class='ocrx_word' id='word_1_53' title='bbox 669 625 774 698; x_wconf 86' lang='lat' dir='ltr'>divina,</span> <span class='ocrx_word' id='word_1_54' title='bbox 790 627 861 704; x_wconf 89' lang='lat' dir='ltr'>quid</span> <span class='ocrx_word' id='word_1_55' title='bbox 876 627 974 686; x_wconf 85' lang='lat' dir='ltr'>incon-</span> 
     </span>
     <span class='ocr_line' id='line_1_8' title="bbox 134 703 974 782; baseline 0.005 -21"><span class='ocrx_word' id='word_1_56' title='bbox 134 704 256 762; x_wconf 82' lang='lat' dir='ltr'>stantius</span> <span class='ocrx_word' id='word_1_57' title='bbox 274 703 346 760; x_wconf 78' lang='lat' dir='ltr'>deot</span> <span class='ocrx_word' id='word_1_58' title='bbox 367 703 437 780; x_wconf 92' lang='lat' dir='ltr'>quid</span> <span class='ocrx_word' id='word_1_59' title='bbox 450 703 581 760; x_wconf 88' lang='lat' dir='ltr'>inscitius</span> <span class='ocrx_word' id='word_1_60' title='bbox 594 710 690 762; x_wconf 88' lang='lat' dir='ltr'>autem</span> <span class='ocrx_word' id='word_1_61' title='bbox 705 712 748 762; x_wconf 92' lang='lat' dir='ltr'>est</span> <span class='ocrx_word' id='word_1_62' title='bbox 763 724 848 782; x_wconf 90' lang='lat' dir='ltr'>quam</span> <span class='ocrx_word' id='word_1_63' title='bbox 861 714 974 766; x_wconf 87' lang='lat' dir='ltr'>mentes</span> 
     </span>
     <span class='ocr_line' id='line_1_9' title="bbox 133 782 974 844; baseline 0.004 -2"><span class='ocrx_word' id='word_1_64' title='bbox 133 783 297 842; x_wconf 77' lang='lat' dir='ltr'><strong>mortalium</strong></span> <span class='ocrx_word' id='word_1_65' title='bbox 309 782 388 840; x_wconf 84' lang='lat' dir='ltr'>falsis</span> <span class='ocrx_word' id='word_1_66' title='bbox 402 789 431 840; x_wconf 91' lang='lat' dir='ltr'>et</span> <span class='ocrx_word' id='word_1_67' title='bbox 441 782 627 840; x_wconf 82' lang='lat' dir='ltr'>mendacibus</span> <span class='ocrx_word' id='word_1_68' title='bbox 639 784 708 842; x_wconf 89' lang='lat' dir='ltr'>visis</span> <span class='ocrx_word' id='word_1_69' title='bbox 721 787 881 844; x_wconf 76' lang='lat' dir='ltr'>concitaret</span> <span class='ocrx_word' id='word_1_70' title='bbox 922 787 974 844; x_wconf 86' lang='lat' dir='ltr'>Sin</span> 
     </span>
     <span class='ocr_line' id='line_1_10' title="bbox 134 862 972 937; baseline 0.002 -17"><span class='ocrx_word' id='word_1_71' title='bbox 134 882 200 920; x_wconf 89' lang='lat' dir='ltr'>vera</span> <span class='ocrx_word' id='word_1_72' title='bbox 216 862 276 919; x_wconf 88' lang='lat' dir='ltr'>visa</span> <span class='ocrx_word' id='word_1_73' title='bbox 292 862 389 919; x_wconf 90' lang='lat' dir='ltr'>divina</span> <span class='ocrx_word' id='word_1_74' title='bbox 403 869 478 934; x_wconf 89' lang='lat' dir='ltr'>sunt,</span> <span class='ocrx_word' id='word_1_75' title='bbox 490 862 563 920; x_wconf 85' lang='lat' dir='ltr'>falsa</span> <span class='ocrx_word' id='word_1_76' title='bbox 576 870 672 920; x_wconf 88' lang='lat' dir='ltr'>autem</span> <span class='ocrx_word' id='word_1_77' title='bbox 686 871 715 922; x_wconf 93' lang='lat' dir='ltr'>et</span> <span class='ocrx_word' id='word_1_78' title='bbox 728 865 826 923; x_wconf 87' lang='lat' dir='ltr'>inania</span> <span class='ocrx_word' id='word_1_79' title='bbox 839 867 972 937; x_wconf 89' lang='lat' dir='ltr'>humana,</span> 
     </span>
     <span class='ocr_line' id='line_1_11' title="bbox 135 941 974 1020; baseline 0.004 -20"><span class='ocrx_word' id='word_1_80' title='bbox 135 961 207 1020; x_wconf 92' lang='lat' dir='ltr'>quae</span> <span class='ocrx_word' id='word_1_81' title='bbox 231 952 275 999; x_wconf 89' lang='lat' dir='ltr'>est</span> <span class='ocrx_word' id='word_1_82' title='bbox 296 942 352 998; x_wconf 85' lang='lat' dir='ltr'>ista</span> <span class='ocrx_word' id='word_1_83' title='bbox 370 941 540 1018; x_wconf 85' lang='lat' dir='ltr'>designandi</span> <span class='ocrx_word' id='word_1_84' title='bbox 558 942 681 1014; x_wconf 87' lang='lat' dir='ltr'>licentia,</span> <span class='ocrx_word' id='word_1_85' title='bbox 696 951 730 1002; x_wconf 94' lang='lat' dir='ltr'>ut</span> <span class='ocrx_word' id='word_1_86' title='bbox 747 944 803 1002; x_wconf 91' lang='lat' dir='ltr'>hoc</span> <span class='ocrx_word' id='word_1_87' title='bbox 824 945 902 1016; x_wconf 89' lang='lat' dir='ltr'>deus,</span> <span class='ocrx_word' id='word_1_88' title='bbox 917 945 974 1003; x_wconf 88' lang='lat' dir='ltr'>hoe</span> 
     </span>
     <span class='ocr_line' id='line_1_12' title="bbox 134 1021 976 1102; baseline 0.002 -22"><span class='ocrx_word' id='word_1_89' title='bbox 134 1029 235 1080; x_wconf 90' lang='lat' dir='ltr'>natura</span> <span class='ocrx_word' id='word_1_90' title='bbox 248 1021 349 1078; x_wconf 82' lang='lat' dir='ltr'>fecerit</span> <span class='ocrx_word' id='word_1_91' title='bbox 359 1022 456 1096; x_wconf 90' lang='lat' dir='ltr'>potius</span> <span class='ocrx_word' id='word_1_92' title='bbox 471 1041 556 1098; x_wconf 87' lang='lat' dir='ltr'>quarn</span> <span class='ocrx_word' id='word_1_93' title='bbox 571 1030 621 1080; x_wconf 91' lang='lat' dir='ltr'>aut</span> <span class='ocrx_word' id='word_1_94' title='bbox 635 1024 732 1082; x_wconf 90' lang='lat' dir='ltr'>omnia</span> <span class='ocrx_word' id='word_1_95' title='bbox 745 1024 823 1096; x_wconf 89' lang='lat' dir='ltr'>deus,</span> <span class='ocrx_word' id='word_1_96' title='bbox 836 1025 915 1102; x_wconf 90' lang='lat' dir='ltr'>quod</span> <span class='ocrx_word' id='word_1_97' title='bbox 927 1043 976 1082; x_wconf 94' lang='lat' dir='ltr'>ne-</span> 
     </span>
     <span class='ocr_line' id='line_1_13' title="bbox 134 1101 974 1182; baseline 0.006 -25"><span class='ocrx_word' id='word_1_98' title='bbox 134 1102 216 1178; x_wconf 83' lang='lat' dir='ltr'>gatis,</span> <span class='ocrx_word' id='word_1_99' title='bbox 227 1108 276 1158; x_wconf 91' lang='lat' dir='ltr'>aut</span> <span class='ocrx_word' id='word_1_100' title='bbox 290 1101 387 1158; x_wconf 91' lang='lat' dir='ltr'>omnia</span> <span class='ocrx_word' id='word_1_101' title='bbox 396 1103 516 1159; x_wconf 77' lang='lat' dir='ltr'>natural</span> <span class='ocrx_word' id='word_1_102' title='bbox 537 1102 615 1179; x_wconf 92' lang='lat' dir='ltr'>quod</span> <span class='ocrx_word' id='word_1_103' title='bbox 626 1103 761 1180; x_wconf 89' lang='lat' dir='ltr'>quoniam</span> <span class='ocrx_word' id='word_1_104' title='bbox 772 1103 844 1161; x_wconf 93' lang='lat' dir='ltr'>illud</span> <span class='ocrx_word' id='word_1_105' title='bbox 854 1105 974 1182; x_wconf 86' lang='lat' dir='ltr'>negatis,</span> 
     </span>
     <span class='ocr_line' id='line_1_14' title="bbox 134 1181 976 1247; baseline 0.005 -9"><span class='ocrx_word' id='word_1_106' title='bbox 134 1183 190 1240; x_wconf 94' lang='lat' dir='ltr'>hoc</span> <span class='ocrx_word' id='word_1_107' title='bbox 206 1181 363 1240; x_wconf 86' lang='lat' dir='ltr'>necessario</span> <span class='ocrx_word' id='word_1_108' title='bbox 380 1181 576 1240; x_wconf 87' lang='lat' dir='ltr'>confitendum</span> <span class='ocrx_word' id='word_1_109' title='bbox 593 1189 643 1241; x_wconf 91' lang='lat' dir='ltr'>est.</span> <span class='ocrx_word' id='word_1_110' title='bbox 688 1189 753 1247; x_wconf 80' lang='grc'><strong>128.</strong></span> <span class='ocrx_word' id='word_1_111' title='bbox 772 1183 911 1242; x_wconf 80' lang='lat' dir='ltr'><strong>Naturam</strong></span> <span class='ocrx_word' id='word_1_112' title='bbox 928 1205 976 1242; x_wconf 91' lang='lat' dir='ltr'>au·</span> 
     </span>
     <span class='ocr_line' id='line_1_15' title="bbox 134 1261 977 1340; baseline 0.004 -21"><span class='ocrx_word' id='word_1_113' title='bbox 134 1269 194 1319; x_wconf 87' lang='lat' dir='ltr'>tem</span> <span class='ocrx_word' id='word_1_114' title='bbox 208 1281 271 1320; x_wconf 86' lang='lat' dir='ltr'>eam</span> <span class='ocrx_word' id='word_1_115' title='bbox 285 1261 360 1334; x_wconf 90' lang='lat' dir='ltr'>dico,</span> <span class='ocrx_word' id='word_1_116' title='bbox 371 1280 427 1338; x_wconf 91' lang='lat' dir='ltr'>qua</span> <span class='ocrx_word' id='word_1_117' title='bbox 439 1280 597 1338; x_wconf 88' lang='lat' dir='ltr'><strong>numquam</strong></span> <span class='ocrx_word' id='word_1_118' title='bbox 613 1263 726 1320; x_wconf 88' lang='lat' dir='ltr'>animus</span> <span class='ocrx_word' id='word_1_119' title='bbox 739 1263 873 1322; x_wconf 80' lang='lat' dir='ltr'>insistens</span> <span class='ocrx_word' id='word_1_120' title='bbox 887 1265 977 1340; x_wconf 86' lang='lat' dir='ltr'>agita-</span> 
     </span>
     <span class='ocr_line' id='line_1_16' title="bbox 134 1341 976 1420; baseline 0.002 -21"><span class='ocrx_word' id='word_1_121' title='bbox 134 1341 214 1400; x_wconf 81' lang='lat' dir='ltr'>tione</span> <span class='ocrx_word' id='word_1_122' title='bbox 231 1348 261 1398; x_wconf 89' lang='lat' dir='ltr'>et</span> <span class='ocrx_word' id='word_1_123' title='bbox 276 1348 359 1398; x_wconf 91' lang='lat' dir='ltr'>motu</span> <span class='ocrx_word' id='word_1_124' title='bbox 376 1361 436 1399; x_wconf 89' lang='lat' dir='ltr'>esse</span> <span class='ocrx_word' id='word_1_125' title='bbox 452 1361 557 1399; x_wconf 88' lang='lat' dir='ltr'>vacuus</span> <span class='ocrx_word' id='word_1_126' title='bbox 571 1349 674 1418; x_wconf 89' lang='lat' dir='ltr'>potest.</span> <span class='ocrx_word' id='word_1_127' title='bbox 716 1342 746 1400; x_wconf 90' lang='lat' dir='ltr'>Is</span> <span class='ocrx_word' id='word_1_128' title='bbox 760 1363 825 1400; x_wconf 89' lang='lat' dir='ltr'>curn</span> <span class='ocrx_word' id='word_1_129' title='bbox 840 1343 976 1420; x_wconf 88' lang='lat' dir='ltr'>languore</span> 
     </span>
     <span class='ocr_line' id='line_1_17' title="bbox 134 1421 977 1499; baseline 0.006 -21"><span class='ocrx_word' id='word_1_130' title='bbox 134 1421 262 1497; x_wconf 89' lang='lat' dir='ltr'>corporis</span> <span class='ocrx_word' id='word_1_131' title='bbox 276 1440 329 1478; x_wconf 91' lang='lat' dir='ltr'>neo</span> <span class='ocrx_word' id='word_1_132' title='bbox 343 1421 479 1478; x_wconf 87' lang='lat' dir='ltr'>membris</span> <span class='ocrx_word' id='word_1_133' title='bbox 492 1422 537 1479; x_wconf 91' lang='lat' dir='ltr'>uti</span> <span class='ocrx_word' id='word_1_134' title='bbox 550 1441 603 1480; x_wconf 89' lang='lat' dir='ltr'>nec</span> <span class='ocrx_word' id='word_1_135' title='bbox 617 1422 746 1480; x_wconf 86' lang='lat' dir='ltr'>sensibus</span> <span class='ocrx_word' id='word_1_136' title='bbox 757 1428 861 1499; x_wconf 88' lang='lat' dir='ltr'>potest,</span> <span class='ocrx_word' id='word_1_137' title='bbox 873 1423 977 1483; x_wconf 81' lang='lat' dir='ltr'>incidit</span> 
     </span>
     <span class='ocr_line' id='line_1_18' title="bbox 135 1501 975 1579; baseline 0.002 -21"><span class='ocrx_word' id='word_1_138' title='bbox 135 1502 165 1558; x_wconf 93' lang='lat' dir='ltr'>in</span> <span class='ocrx_word' id='word_1_139' title='bbox 180 1501 240 1558; x_wconf 88' lang='lat' dir='ltr'>visa</span> <span class='ocrx_word' id='word_1_140' title='bbox 253 1502 331 1558; x_wconf 90' lang='lat' dir='ltr'>varia</span> <span class='ocrx_word' id='word_1_141' title='bbox 344 1509 374 1558; x_wconf 90' lang='lat' dir='ltr'>ct</span> <span class='ocrx_word' id='word_1_142' title='bbox 385 1501 492 1560; x_wconf 91' lang='lat' dir='ltr'>incerta</span> <span class='ocrx_word' id='word_1_143' title='bbox 506 1521 540 1559; x_wconf 84' lang='grc'>11</span> <span class='ocrx_word' id='word_1_144' title='bbox 554 1502 689 1579; x_wconf 86' lang='lat' dir='ltr'>reliquiis,</span> <span class='ocrx_word' id='word_1_145' title='bbox 701 1509 734 1560; x_wconf 93' lang='lat' dir='ltr'>ut</span> <span class='ocrx_word' id='word_1_146' title='bbox 744 1503 785 1560; x_wconf 90' lang='lat' dir='ltr'>ait</span> <span class='ocrx_word' id='word_1_147' title='bbox 794 1502 975 1573; x_wconf 89' lang='lat' dir='ltr'>Aristoteles,</span> 
     </span>
     <span class='ocr_line' id='line_1_19' title="bbox 135 1580 977 1659; baseline 0.002 -21"><span class='ocrx_word' id='word_1_148' title='bbox 135 1580 348 1638; x_wconf 83' lang='lat' dir='ltr'>inhaerentibus</span> <span class='ocrx_word' id='word_1_149' title='bbox 363 1599 460 1638; x_wconf 89' lang='lat' dir='ltr'>earum</span> <span class='ocrx_word' id='word_1_150' title='bbox 470 1601 573 1653; x_wconf 90' lang='lat' dir='ltr'>rerum,</span> <span class='ocrx_word' id='word_1_151' title='bbox 586 1601 655 1659; x_wconf 89' lang='lat' dir='ltr'>quas</span> <span class='ocrx_word' id='word_1_152' title='bbox 665 1582 787 1658; x_wconf 84' lang='lat' dir='ltr'>vigilans</span> <span class='ocrx_word' id='word_1_153' title='bbox 796 1583 915 1658; x_wconf 73' lang='lat' dir='ltr'>gesserit</span> <span class='ocrx_word' id='word_1_154' title='bbox 926 1589 977 1640; x_wconf 90' lang='lat' dir='ltr'>aut</span> 
     </span>
     <span class='ocr_line' id='line_1_20' title="bbox 135 1660 977 1738; baseline 0.001 -21"><span class='ocrx_word' id='word_1_155' title='bbox 135 1661 312 1736; x_wconf 82' lang='lat' dir='ltr'>cogitaverit.</span> <span class='ocrx_word' id='word_1_156' title='bbox 355 1660 483 1729; x_wconf 81' lang='lat' dir='ltr'>Quarum</span> <span class='ocrx_word' id='word_1_157' title='bbox 501 1660 715 1738; x_wconf 85' lang='lat' dir='ltr'>perturbatione</span> <span class='ocrx_word' id='word_1_158' title='bbox 731 1661 875 1720; x_wconf 88' lang='lat' dir='ltr'>mirabiles</span> <span class='ocrx_word' id='word_1_159' title='bbox 891 1663 977 1720; x_wconf 88' lang='lat' dir='ltr'>inter-</span> 
     </span>
     <span class='ocr_line' id='line_1_21' title="bbox 135 1741 978 1817; baseline 0 -19"><span class='ocrx_word' id='word_1_160' title='bbox 135 1741 206 1798; x_wconf 91' lang='lat' dir='ltr'>dum</span> <span class='ocrx_word' id='word_1_161' title='bbox 223 1741 363 1798; x_wconf 85' lang='lat' dir='ltr'>exsistunt</span> <span class='ocrx_word' id='word_1_162' title='bbox 378 1741 485 1817; x_wconf 88' lang='lat' dir='ltr'>species</span> <span class='ocrx_word' id='word_1_163' title='bbox 502 1741 687 1800; x_wconf 91' lang='lat' dir='ltr'>somniorum.</span> <span class='ocrx_word' id='word_1_164' title='bbox 726 1742 805 1810; x_wconf 84' lang='lat' dir='ltr'>Quae</span> <span class='ocrx_word' id='word_1_165' title='bbox 819 1743 844 1800; x_wconf 89' lang='lat' dir='ltr'>si</span> <span class='ocrx_word' id='word_1_166' title='bbox 857 1742 913 1799; x_wconf 88' lang='lat' dir='ltr'>alia</span> <span class='ocrx_word' id='word_1_167' title='bbox 926 1742 978 1800; x_wconf 85' lang='lat' dir='ltr'>fal-</span> 
     </span>
     <span class='ocr_line' id='line_1_22' title="bbox 136 1819 978 1897; baseline 0.004 -20"><span class='ocrx_word' id='word_1_168' title='bbox 136 1840 175 1891; x_wconf 87' lang='lat' dir='ltr'>sa,</span> <span class='ocrx_word' id='word_1_169' title='bbox 190 1819 245 1878; x_wconf 85' lang='lat' dir='ltr'>alia</span> <span class='ocrx_word' id='word_1_170' title='bbox 264 1839 338 1890; x_wconf 80' lang='lat' dir='ltr'>vera,</span> <span class='ocrx_word' id='word_1_171' title='bbox 354 1840 411 1897; x_wconf 90' lang='lat' dir='ltr'>qua</span> <span class='ocrx_word' id='word_1_172' title='bbox 426 1828 496 1879; x_wconf 92' lang='lat' dir='ltr'>nota</span> <span class='ocrx_word' id='word_1_173' title='bbox 512 1821 741 1879; x_wconf 87' lang='lat' dir='ltr'>internoscantur</span> <span class='ocrx_word' id='word_1_174' title='bbox 757 1822 828 1880; x_wconf 89' lang='lat' dir='ltr'>scire</span> <span class='ocrx_word' id='word_1_175' title='bbox 845 1841 912 1880; x_wconf 86' lang='lat' dir='ltr'>sane</span> <span class='ocrx_word' id='word_1_176' title='bbox 931 1841 978 1880; x_wconf 90' lang='lat' dir='ltr'>ve·</span> 
     </span>
     <span class='ocr_line' id='line_1_23' title="bbox 136 1899 978 1979; baseline 0.005 -23"><span class='ocrx_word' id='word_1_177' title='bbox 136 1901 195 1959; x_wconf 86' lang='lat' dir='ltr'>lirn.</span> <span class='ocrx_word' id='word_1_178' title='bbox 237 1899 269 1958; x_wconf 82' lang='lat' dir='ltr'>Si</span> <span class='ocrx_word' id='word_1_179' title='bbox 285 1900 364 1958; x_wconf 89' lang='lat' dir='ltr'>nulla</span> <span class='ocrx_word' id='word_1_180' title='bbox 383 1907 434 1970; x_wconf 86' lang='lat' dir='ltr'>est,</span> <span class='ocrx_word' id='word_1_181' title='bbox 450 1900 521 1977; x_wconf 89' lang='lat' dir='ltr'>quid</span> <span class='ocrx_word' id='word_1_182' title='bbox 537 1901 607 1958; x_wconf 90' lang='lat' dir='ltr'>istos</span> <span class='ocrx_word' id='word_1_183' title='bbox 623 1901 794 1979; x_wconf 85' lang='lat' dir='ltr'>interpretes</span> <span class='ocrx_word' id='word_1_184' title='bbox 810 1902 978 1960; x_wconf 85' lang='lat' dir='ltr'>audiamusl</span> 
     </span>
     <span class='ocr_line' id='line_1_24' title="bbox 136 1979 979 2059; baseline 0.004 -23"><span class='ocrx_word' id='word_1_185' title='bbox 136 1979 188 2037; x_wconf 89' lang='lat' dir='ltr'>Sin</span> <span class='ocrx_word' id='word_1_186' title='bbox 203 1980 354 2056; x_wconf 88' lang='lat' dir='ltr'>quaepiam</span> <span class='ocrx_word' id='word_1_187' title='bbox 368 1986 418 2049; x_wconf 89' lang='lat' dir='ltr'>est,</span> <span class='ocrx_word' id='word_1_188' title='bbox 430 1980 519 2038; x_wconf 90' lang='lat' dir='ltr'>haveo</span> <span class='ocrx_word' id='word_1_189' title='bbox 534 1981 632 2039; x_wconf 88' lang='lat' dir='ltr'>audire</span> <span class='ocrx_word' id='word_1_190' title='bbox 646 1982 773 2059; x_wconf 86' lang='lat' dir='ltr'>quaesit</span> <span class='ocrx_word' id='word_1_191' title='bbox 816 1980 874 2040; x_wconf 83' lang='lat' dir='ltr'>Sed</span> <span class='ocrx_word' id='word_1_192' title='bbox 884 1981 979 2040; x_wconf 86' lang='lat' dir='ltr'>haere-</span> 
     </span>
     <span class='ocr_line' id='line_1_25' title="bbox 136 2059 979 2119; baseline 0.004 -3"><span class='ocrx_word' id='word_1_193' title='bbox 136 2059 217 2117; x_wconf 89' lang='lat' dir='ltr'>bunt.</span> <span class='ocrx_word' id='word_1_194' title='bbox 259 2059 368 2116; x_wconf 89' lang='lat' dir='ltr'>LXIII.</span> <span class='ocrx_word' id='word_1_195' title='bbox 413 2065 478 2116; x_wconf 80' lang='lat'>129.</span> <span class='ocrx_word' id='word_1_196' title='bbox 501 2059 591 2119; x_wconf 91' lang='lat' dir='ltr'>Venit</span> <span class='ocrx_word' id='word_1_197' title='bbox 607 2061 684 2118; x_wconf 91' lang='lat' dir='ltr'>enim</span> <span class='ocrx_word' id='word_1_198' title='bbox 700 2061 803 2118; x_wconf 89' lang='lat' dir='ltr'>iamin</span> <span class='ocrx_word' id='word_1_199' title='bbox 820 2061 979 2119; x_wconf 85' lang='lat' dir='ltr'>contentio·</span> 
     </span>
     <span class='ocr_line' id='line_1_26' title="bbox 137 2139 978 2215; baseline 0 -19"><span class='ocrx_word' id='word_1_200' title='bbox 137 2159 203 2197; x_wconf 86' lang='lat' dir='ltr'>nem</span> <span class='ocrx_word' id='word_1_201' title='bbox 217 2146 314 2208; x_wconf 86' lang='lat' dir='ltr'>utrum</span> <span class='ocrx_word' id='word_1_202' title='bbox 329 2140 367 2197; x_wconf 87' lang='lat' dir='ltr'>sit</span> <span class='ocrx_word' id='word_1_203' title='bbox 380 2139 564 2215; x_wconf 84' lang='lat' dir='ltr'>probabilius,</span> <span class='ocrx_word' id='word_1_204' title='bbox 574 2140 681 2198; x_wconf 88' lang='lat' dir='ltr'>deosne</span> <span class='ocrx_word' id='word_1_205' title='bbox 695 2140 870 2199; x_wconf 87' lang='lat' dir='ltr'>immortales</span> <span class='ocrx_word' id='word_1_206' title='bbox 883 2159 978 2198; x_wconf 91' lang='lat' dir='ltr'>rerum</span> 
     </span>
     <span class='ocr_line' id='line_1_27' title="bbox 136 2217 979 2296; baseline 0.002 -20"><span class='ocrx_word' id='word_1_207' title='bbox 136 2220 266 2277; x_wconf 86' lang='lat' dir='ltr'>omniurn</span> <span class='ocrx_word' id='word_1_208' title='bbox 284 2217 458 2296; x_wconf 87' lang='lat' dir='ltr'>praestantia</span> <span class='ocrx_word' id='word_1_209' title='bbox 478 2219 646 2278; x_wconf 81' lang='lat' dir='ltr'>excellentes</span> <span class='ocrx_word' id='word_1_210' title='bbox 666 2239 832 2278; x_wconf 90' lang='lat' dir='ltr'>concursare</span> <span class='ocrx_word' id='word_1_211' title='bbox 848 2221 979 2278; x_wconf 87' lang='lat' dir='ltr'>omnium</span> 
     </span>
     <span class='ocr_line' id='line_1_28' title="bbox 136 2299 979 2376; baseline 0 -20"><span class='ocrx_word' id='word_1_212' title='bbox 136 2299 310 2369; x_wconf 86' lang='lat' dir='ltr'>mortalium,</span> <span class='ocrx_word' id='word_1_213' title='bbox 323 2299 373 2376; x_wconf 94' lang='lat' dir='ltr'>qui</span> <span class='ocrx_word' id='word_1_214' title='bbox 386 2299 493 2376; x_wconf 91' lang='lat' dir='ltr'>ubique</span> <span class='ocrx_word' id='word_1_215' title='bbox 508 2306 583 2370; x_wconf 85' lang='lat' dir='ltr'>sunt,</span> <span class='ocrx_word' id='word_1_216' title='bbox 595 2319 654 2357; x_wconf 92' lang='lat' dir='ltr'>non</span> <span class='ocrx_word' id='word_1_217' title='bbox 667 2299 756 2358; x_wconf 91' lang='lat' dir='ltr'>modo</span> <span class='ocrx_word' id='word_1_218' title='bbox 770 2299 868 2370; x_wconf 86' lang='lat' dir='ltr'>lectos,</span> <span class='ocrx_word' id='word_1_219' title='bbox 879 2319 979 2357; x_wconf 86' lang='lat' dir='ltr'>verum</span> 
     </span>
     <span class='ocr_line' id='line_1_29' title="bbox 137 2378 978 2456; baseline 0 -20"><span class='ocrx_word' id='word_1_220' title='bbox 137 2380 224 2437; x_wconf 89' lang='lat' dir='ltr'>etiam</span> <span class='ocrx_word' id='word_1_221' title='bbox 245 2379 387 2456; x_wconf 64' lang='lat' dir='ltr'>grabatos</span> <span class='ocrx_word' id='word_1_222' title='bbox 403 2386 440 2450; x_wconf 87' lang='lat' dir='ltr'>et,</span> <span class='ocrx_word' id='word_1_223' title='bbox 456 2398 522 2437; x_wconf 92' lang='lat' dir='ltr'>cum</span> <span class='ocrx_word' id='word_1_224' title='bbox 543 2386 694 2437; x_wconf 85' lang='lat' dir='ltr'>stertentes</span> <span class='ocrx_word' id='word_1_225' title='bbox 714 2379 825 2456; x_wconf 89' lang='lat' dir='ltr'>aliquos</span> <span class='ocrx_word' id='word_1_226' title='bbox 845 2378 978 2446; x_wconf 85' lang='lat' dir='ltr'>viderint,</span> 
     </span>
     <span class='ocr_line' id='line_1_30' title="bbox 138 2458 980 2535; baseline 0.001 -19"><span class='ocrx_word' id='word_1_227' title='bbox 138 2459 250 2516; x_wconf 88' lang='lat' dir='ltr'>obicere</span> <span class='ocrx_word' id='word_1_228' title='bbox 268 2459 312 2516; x_wconf 90' lang='lat' dir='ltr'>his</span> <span class='ocrx_word' id='word_1_229' title='bbox 333 2460 393 2516; x_wconf 86' lang='lat' dir='ltr'>visa</span> <span class='ocrx_word' id='word_1_230' title='bbox 414 2459 554 2535; x_wconf 90' lang='lat' dir='ltr'>quaedam</span> <span class='ocrx_word' id='word_1_231' title='bbox 571 2465 701 2516; x_wconf 88' lang='lat' dir='ltr'>tortuosa</span> <span class='ocrx_word' id='word_1_232' title='bbox 717 2467 746 2516; x_wconf 90' lang='lat' dir='ltr'>et</span> <span class='ocrx_word' id='word_1_233' title='bbox 763 2458 891 2527; x_wconf 89' lang='lat' dir='ltr'>obscura,</span> <span class='ocrx_word' id='word_1_234' title='bbox 907 2477 980 2535; x_wconf 87' lang='lat' dir='ltr'>quae</span> 
     </span>
     <span class='ocr_line' id='line_1_31' title="bbox 137 2539 978 2608; baseline 0 -13"><span class='ocrx_word' id='word_1_235' title='bbox 137 2539 180 2595; x_wconf 90' lang='lat' dir='ltr'>illi</span> <span class='ocrx_word' id='word_1_236' title='bbox 197 2539 325 2596; x_wconf 84' lang='lat' dir='ltr'>exterriti</span> <span class='ocrx_word' id='word_1_237' title='bbox 341 2540 454 2596; x_wconf 91' lang='lat' dir='ltr'>somnio</span> <span class='ocrx_word' id='word_1_238' title='bbox 471 2539 509 2596; x_wconf 88' lang='lat' dir='ltr'>ad</span> <span class='ocrx_word' id='word_1_239' title='bbox 525 2539 716 2596; x_wconf 87' lang='lat' dir='ltr'>coniectorem</span> <span class='ocrx_word' id='word_1_240' title='bbox 732 2557 816 2595; x_wconf 89' lang='lat' dir='ltr'>mane</span> <span class='ocrx_word' id='word_1_241' title='bbox 837 2539 978 2608; x_wconf 85' lang='lat' dir='ltr'>deferant,</span> 
     </span>
     <span class='ocr_line' id='line_1_32' title="bbox 138 2617 982 2694; baseline 0 -20"><span class='ocrx_word' id='word_1_242' title='bbox 138 2638 175 2674; x_wconf 91' lang='lat' dir='ltr'>an</span> <span class='ocrx_word' id='word_1_243' title='bbox 197 2625 299 2675; x_wconf 89' lang='lat' dir='ltr'>natura</span> <span class='ocrx_word' id='word_1_244' title='bbox 317 2617 386 2689; x_wconf 84' lang='lat' dir='ltr'>ficri,</span> <span class='ocrx_word' id='word_1_245' title='bbox 402 2625 436 2676; x_wconf 94' lang='lat' dir='ltr'>ut</span> <span class='ocrx_word' id='word_1_246' title='bbox 457 2618 602 2676; x_wconf 90' lang='lat' dir='ltr'>mobiliter</span> <span class='ocrx_word' id='word_1_247' title='bbox 622 2619 734 2688; x_wconf 86' lang='lat' dir='ltr'>animus</span> <span class='ocrx_word' id='word_1_248' title='bbox 756 2618 881 2694; x_wconf 84' lang='lat' dir='ltr'>agitatus</span> <span class='ocrx_word' id='word_1_249' title='bbox 902 2618 982 2694; x_wconf 88' lang='lat' dir='ltr'>quod</span> 
     </span>
     <span class='ocr_line' id='line_1_33' title="bbox 138 2696 981 2772; baseline 0 -18"><span class='ocrx_word' id='word_1_250' title='bbox 138 2696 259 2772; x_wconf 74' lang='lat' dir='ltr'>vigilans</span> <span class='ocrx_word' id='word_1_251' title='bbox 283 2697 389 2755; x_wconf 91' lang='lat' dir='ltr'>viderit</span> <span class='ocrx_word' id='word_1_252' title='bbox 408 2698 554 2756; x_wconf 84' lang='lat' dir='ltr'>dormiens</span> <span class='ocrx_word' id='word_1_253' title='bbox 574 2698 670 2755; x_wconf 89' lang='lat' dir='ltr'>videre</span> <span class='ocrx_word' id='word_1_254' title='bbox 691 2697 829 2756; x_wconf 89' lang='lat' dir='ltr'>videatur.</span> <span class='ocrx_word' id='word_1_255' title='bbox 871 2697 981 2756; x_wconf 89' lang='lat' dir='ltr'>Utrum</span> 
     </span>
     <span class='ocr_line' id='line_1_34' title="bbox 138 2776 982 2854; baseline 0.001 -21"><span class='ocrx_word' id='word_1_256' title='bbox 138 2776 323 2854; x_wconf 87' lang='lat' dir='ltr'>philosophia</span> <span class='ocrx_word' id='word_1_257' title='bbox 338 2777 444 2854; x_wconf 80' lang='lat' dir='ltr'>dignus</span> <span class='ocrx_word' id='word_1_258' title='bbox 460 2797 592 2854; x_wconf 82' lang='lat' dir='ltr'>sagarum</span> <span class='ocrx_word' id='word_1_259' title='bbox 609 2777 810 2854; x_wconf 90' lang='lat' dir='ltr'>superstitione</span> <span class='ocrx_word' id='word_1_260' title='bbox 827 2777 882 2834; x_wconf 89' lang='lat' dir='ltr'>ista</span> <span class='ocrx_word' id='word_1_261' title='bbox 896 2777 982 2834; x_wconf 89' lang='lat' dir='ltr'>inter-</span> 
     </span>
     <span class='ocr_line' id='line_1_35' title="bbox 138 2856 982 2934; baseline 0 -21"><span class='ocrx_word' id='word_1_262' title='bbox 138 2859 245 2932; x_wconf 86' lang='lat' dir='ltr'>pretari</span> <span class='ocrx_word' id='word_1_263' title='bbox 262 2877 297 2914; x_wconf 92' lang='lat' dir='ltr'>an</span> <span class='ocrx_word' id='word_1_264' title='bbox 315 2857 504 2934; x_wconf 88' lang='lat' dir='ltr'>explicatione</span> <span class='ocrx_word' id='word_1_265' title='bbox 521 2859 657 2916; x_wconf 72' lang='lat' dir='ltr'>naturae?</span> <span class='ocrx_word' id='word_1_266' title='bbox 677 2864 718 2928; x_wconf 92' lang='lat' dir='ltr'>ut,</span> <span class='ocrx_word' id='word_1_267' title='bbox 731 2857 755 2914; x_wconf 92' lang='lat' dir='ltr'>si</span> <span class='ocrx_word' id='word_1_268' title='bbox 769 2858 827 2914; x_wconf 91' lang='lat' dir='ltr'>iam</span> <span class='ocrx_word' id='word_1_269' title='bbox 841 2856 902 2914; x_wconf 88' lang='lat' dir='ltr'>fieri</span> <span class='ocrx_word' id='word_1_270' title='bbox 916 2876 982 2933; x_wconf 91' lang='lat' dir='ltr'>pos-</span> 
     </span>
     <span class='ocr_line' id='line_1_36' title="bbox 139 2935 982 3013; baseline 0.001 -22"><span class='ocrx_word' id='word_1_271' title='bbox 139 2937 177 2992; x_wconf 90' lang='lat' dir='ltr'>sit</span> <span class='ocrx_word' id='word_1_272' title='bbox 194 2956 259 2994; x_wconf 79' lang='grc'><strong>1111</strong></span> <span class='ocrx_word' id='word_1_273' title='bbox 275 2937 438 2994; x_wconf 87' lang='lat' dir='ltr'>coniectura</span> <span class='ocrx_word' id='word_1_274' title='bbox 454 2938 639 3007; x_wconf 89' lang='lat' dir='ltr'>somniorum,</span> <span class='ocrx_word' id='word_1_275' title='bbox 652 2946 749 2994; x_wconf 88' lang='lat' dir='ltr'>tamen</span> <span class='ocrx_word' id='word_1_276' title='bbox 762 2937 819 3007; x_wconf 82' lang='lat' dir='ltr'>isti,</span> <span class='ocrx_word' id='word_1_277' title='bbox 833 2937 882 3013; x_wconf 91' lang='lat' dir='ltr'>qui</span> <span class='ocrx_word' id='word_1_278' title='bbox 896 2935 982 3013; x_wconf 90' lang='lat' dir='ltr'>profi-</span> 
     </span>
     <span class='ocr_line' id='line_1_37' title="bbox 139 3016 982 3093; baseline 0 -21"><span class='ocrx_word' id='word_1_279' title='bbox 139 3022 243 3088; x_wconf 90' lang='lat' dir='ltr'>tentur,</span> <span class='ocrx_word' id='word_1_280' title='bbox 259 3036 322 3073; x_wconf 89' lang='lat' dir='ltr'>earn</span> <span class='ocrx_word' id='word_1_281' title='bbox 342 3017 436 3074; x_wconf 80' lang='lat' dir='ltr'>faeere</span> <span class='ocrx_word' id='word_1_282' title='bbox 452 3036 510 3074; x_wconf 93' lang='lat' dir='ltr'>non</span> <span class='ocrx_word' id='word_1_283' title='bbox 527 3017 655 3093; x_wconf 90' lang='lat' dir='ltr'>possint:</span> <span class='ocrx_word' id='word_1_284' title='bbox 687 3037 722 3075; x_wconf 85' lang='lat' dir='ltr'>ex</span> <span class='ocrx_word' id='word_1_285' title='bbox 739 3016 881 3074; x_wconf 90' lang='lat' dir='ltr'>levissimo</span> <span class='ocrx_word' id='word_1_286' title='bbox 903 3017 982 3074; x_wconf 91' lang='lat' dir='ltr'>enim</span> 
     </span>
     <span class='ocr_line' id='line_1_38' title="bbox 139 3095 982 3172; baseline 0.005 -22"><span class='ocrx_word' id='word_1_287' title='bbox 139 3101 169 3151; x_wconf 91' lang='lat' dir='ltr'>et</span> <span class='ocrx_word' id='word_1_288' title='bbox 185 3095 382 3154; x_wconf 88' lang='lat' dir='ltr'>indoctissimo</span> <span class='ocrx_word' id='word_1_289' title='bbox 405 3115 508 3172; x_wconf 82' lang='lat' dir='ltr'>genere</span> <span class='ocrx_word' id='word_1_290' title='bbox 530 3103 670 3154; x_wconf 88' lang='lat' dir='ltr'>coustant.</span> <span class='ocrx_word' id='word_1_291' title='bbox 713 3096 803 3154; x_wconf 86' lang='lat' dir='ltr'>Stoici</span> <span class='ocrx_word' id='word_1_292' title='bbox 820 3103 916 3154; x_wconf 90' lang='lat' dir='ltr'>autem</span> <span class='ocrx_word' id='word_1_293' title='bbox 937 3096 982 3154; x_wconf 93' lang='lat' dir='ltr'>tui</span> 
     </span>
     <span class='ocr_line' id='line_1_39' title="bbox 139 3175 982 3252; baseline 0.005 -22"><span class='ocrx_word' id='word_1_294' title='bbox 139 3181 247 3250; x_wconf 82' lang='lat' dir='ltr'>negant</span> <span class='ocrx_word' id='word_1_295' title='bbox 264 3195 436 3252; x_wconf 87' lang='lat' dir='ltr'>quemquam</span> <span class='ocrx_word' id='word_1_296' title='bbox 450 3176 506 3232; x_wconf 89' lang='lat' dir='ltr'>nisi</span> <span class='ocrx_word' id='word_1_297' title='bbox 520 3176 678 3251; x_wconf 78' lang='lat' dir='ltr'>sapIentem</span> <span class='ocrx_word' id='word_1_298' title='bbox 695 3175 826 3234; x_wconf 90' lang='lat' dir='ltr'>divinum</span> <span class='ocrx_word' id='word_1_299' title='bbox 842 3194 903 3234; x_wconf 89' lang='lat' dir='ltr'>esse</span> <span class='ocrx_word' id='word_1_300' title='bbox 916 3194 982 3251; x_wconf 84' lang='lat' dir='ltr'>pos-</span> 
     </span>
    </p>
   </div>
   <div class='ocr_carea' id='block_1_3' title="bbox 0 0 1124 3446">
    <p class='ocr_par' dir='ltr' id='par_1_3' title="bbox 0 0 1124 3446">
     <span class='ocr_line' id='line_1_40' title="bbox 0 0 1124 3446; baseline 0 0"><span class='ocrx_word' id='word_1_301' title='bbox 0 0 1124 3446; x_wconf 95' lang='lat' dir='ltr'> </span> 
     </span>
    </p>
   </div>
  </div>
 </body>
</html>
