2224 3446
313 491 357 556 M.
380 491 527 556 aunan
555 489 790 556 oronaouas

406 639 489 717 DE
525 639 700 720 FATO

275 809 392 860 LIBRI
415 809 532 871 QUAE
554 810 831 863 MANSERUNT.
887 855 889 860 .

480 943 625 954 ...η--.

385 1039 704 1092 -ARGUMENTUM

166 1139 222 1189 Hoc
233 1139 297 1188 libro
308 1139 345 1188 M.
356 1139 453 1187 Tullius
466 1140 568 1200 exponit
579 1154 718 1188 sermonem
729 1154 782 1189 ase
793 1141 906 1191 habitum
917 1158 974 1192 cnm

134 1206 166 1255 A.
178 1205 262 1253 Hirtio
277 1204 377 1252 consule
390 1203 518 1264 designato
532 1221 555 1252 a.
565 1220 589 1253 u.
599 1219 620 1254 c.
631 1207 686 1265 710,
699 1221 720 1254 a.
731 1213 789 1253 ante
802 1206 860 1256 Chr.
869 1215 920 1256 nat.
931 1210 971 1267 44,

133 1279 190 1334 post
204 1270 233 1319 C.
248 1269 362 1318 Caesaris
378 1269 505 1318 interitum
522 1269 547 1316 in
561 1270 699 1318 Puteolano
711 1269 748 1318 ‘de
760 1270 820 1330 fato,
835 1279 862 1318 ut
875 1273 897 1319 is
913 1272 975 1320 liber

134 1336 205 1399 quasi
220 1335 418 1397 supplementum
431 1343 495 1382 esset
506 1335 582 1382 trium
594 1335 712 1383 librorum
725 1334 860 1383 denatura
873 1336 975 1384 deorum

134 1411 160 1450 et
176 1401 281 1449 duorum
298 1399 418 1447 librorum
434 1399 465 1446 de
483 1398 641 1460 divinatione,
656 1399 721 1448 conf.
734 1399 777 1448 lib.
791 1400 821 1448 de
835 1401 911 1449 clivia.
924 1401 971 1460 11,

134 1481 188 1528 cap.
201 1469 223 1525 1,
235 1463 249 1524 ξ
262 1467 286 1526 3,
300 1473 325 1512 et
336 1464 382 1512 bac
396 1464 562 1526 disputatione
575 1473 662 1513 contre
674 1464 838 1513 Posidonium
851 1475 971 1527 suscepta,

134 1533 205 1580 cuius
218 1531 298 1593 ipsum
312 1529 458 1592 principium
475 1530 594 1577 amissum
610 1536 655 1590 est,
669 1529 758 1578 docere
771 1538 882 1589 conatur,
896 1531 917 1577 si
930 1530 974 1577 fati

135 1595 231 1644 nullum
243 1603 307 1643 esset
318 1608 416 1654 nomen,
428 1593 496 1642 nulla
506 1605 596 1642 nature
606 1603 631 1643 et
642 1595 687 1655 vis,
698 1596 719 1642 si
728 1594 798 1653 forte,
809 1603 908 1655 temere,
917 1609 974 1643 casn

136 1672 180 1710 aut
196 1661 313 1722 pleraque
331 1658 419 1707 fierent
437 1667 481 1707 ant
499 1659 590 1719 omnia,
608 1673 658 1706 non
675 1657 746 1708 aliter
761 1673 791 1707 ae
809 1674 874 1706 nunc
892 1660 976 1708 omnia

136 1737 262 1785 eventura,
278 1723 339 1772 nibil
356 1724 432 1783 igitur
448 1724 553 1772 attinere
569 1723 692 1772 inculcare
709 1723 795 1784 fatum,
814 1739 862 1786 quo
880 1725 976 1774 sublato

135 1791 199 1840 ratio
210 1805 290 1838 rerum
303 1788 415 1837 omnium
429 1788 462 1836 ad
473 1799 587 1836 naturam
601 1789 757 1837 fortunamve
769 1789 909 1849 referretur,
920 1805 975 1851 cap.

138 1859 194 1916 1-3,
209 1854 223 1914 ἐ
238 1857 294 1904 1-6.
330 1853 429 1902 Deinde
446 1853 558 1916 seqnitur·
571 1854 705 1916 disputatio
721 1869 779 1902 cum
793 1853 931 1917 Chrysippo
945 1856 977 1902 de

137 1921 285 1981 contagione
299 1934 383 1967 rerum
396 1929 421 1966 et
435 1919 465 1966 de
479 1927 582 1966 naturae
595 1919 775 1979 coniunctione,
789 1934 864 1982 quam
876 1919 975 1983 συμπά-

137 1987 205 2035 θειαν
218 1991 321 2033 vocant:
341 1999 390 2045 qua
404 1982 491 2032 Cicero
505 1983 578 2032 docet
592 1983 654 2031 effici
668 1991 696 2032 ut
709 1984 752 2032 alii
765 1984 796 2032 ad
810 1985 860 2032 alia
873 1999 976 2048 propen-

138 2051 213 2098 siores
230 2050 279 2098 sint
296 2049 327 2096 ob
341 2063 427 2096 causas
444 2049 568 2096 naturales
585 2057 610 2096 et
622 2063 706 2097 rerum
722 2049 910 2110 antecessiones,
926 2065 976 2098 non

138 2131 196 2164 vero
211 2125 237 2164 ut
250 2114 405 2162 voluntatum
419 2121 561 2162 nostrarum
574 2122 649 2176 etque
662 2114 841 2175 appetitionum
853 2113 913 2162 talcs
927 2116 977 2162 sint

138 2194 234 2240 causae,
252 2194 304 2242 cap.
319 2181 376 2239 4-8,
396 2177 411 2236 ὃ
430 2180 502 2228 7-16.
538 2179 595 2226 Iam
614 2178 645 2226 ad
665 2178 770 2226 Diodori
791 2179 844 2241 περὶ
865 2177 978 2227 δυνατῶν

138 2243 287 2294 sententiam
304 2258 330 2292 se
342 2244 416 2292 vertit
428 2243 490 2292 nihil
503 2258 575 2307 posse
587 2242 641 2290 fieri
657 2243 780 2290 censentis
796 2243 843 2290 nisi
857 2243 923 2305 quod
936 2258 978 2290 re-

138 2325 193 2358 rum
204 2317 248 2357 eut
258 2309 290 2357 sit
301 2316 345 2356 aut
355 2310 468 2356 futurum
480 2309 520 2369 sit,
531 2323 585 2370 cap.
595 2309 618 2367 9,
631 2305 645 2365 ᾖ
659 2310 747 2356 17-20.
778 2308 844 2354 Tum
855 2308 887 2354 ad
899 2307 978 2370 Chry-

138 2374 235 2437 sippum
248 2374 328 2437 pergit
338 2374 374 2422 ita
384 2373 588 2421 ratiocinantemz
604 2371 625 2418 si
637 2372 669 2419 sit
677 2381 758 2419 motus
770 2371 822 2419 sine
834 2386 916 2431 cansa,
927 2387 977 2419 non

138 2454 237 2488 omnem
256 2439 451 2487 enuntiationem
473 2447 516 2486 ant
535 2452 619 2486 veram
640 2445 684 2484 aut
705 2437 792 2484 salsam
815 2437 882 2484 fore:
908 2451 975 2496 nam,

138 2504 204 2566 quod
215 2519 266 2552 non
279 2504 370 2552 habeat
385 2518 471 2551 causas
484 2503 625 2562 efficientes,
636 2501 663 2549 id
674 2515 719 2548 nec
730 2515 814 2548 verum
829 2515 874 2548 nec
886 2500 978 2548 falsum

139 2570 205 2617 fore:
219 2577 316 2617 motum
327 2569 402 2629 igitur
414 2568 467 2615 sine
478 2583 553 2616 causa
564 2567 660 2615 nullum
670 2580 731 2627 esse,
744 2580 793 2628 quo
805 2565 884 2627 posito
895 2581 977 2614 rerum

138 2634 347 2683 antecessionibus
364 2633 417 2681 fieri
436 2633 534 2680 omnia:
553 2632 580 2680 id
597 2633 618 2680 si
635 2632 671 2680 ita
689 2631 727 2692 sit,
744 2631 796 2678 fato
813 2630 868 2679 fieri
885 2631 975 2679 omnia.

138 2698 182 2746 Ad
196 2699 257 2747 haec
272 2698 359 2748 Cicero
377 2698 489 2746 concedit
503 2697 603 2760 quidem
617 2705 712 2745 motum
729 2695 825 2744 nullum
838 2695 890 2742 sine
904 2711 979 2743 causa

138 2778 193 2812 esse
206 2778 286 2826 neque
296 2778 355 2812 vero
369 2777 539 2826 quaecumque
549 2763 611 2810 liant
622 2762 677 2810 fieri
690 2761 774 2810 omnia
787 2760 867 2808 causis
880 2771 979 2808 antece-
1010 2810 1012 2814 ,

139 2829 259 2878 dentibus.
296 2828 439 2876 Voluntatis
450 2827 517 2876 enirn
528 2838 628 2876 nostrae
639 2841 689 2876 non
701 2840 754 2875 esse
765 2841 852 2874 causas
863 2833 979 2874 externas

139 2902 165 2942 et
176 2893 357 2954 antecedentes,
369 2907 423 2955 cap.
435 2895 523 2952 10-12,
535 2891 549 2951 ᾖ
562 2895 651 2944 21-29.
687 2892 738 2940 Hic
751 2891 850 2939 disserit
860 2891 936 2939 etiam
948 2890 979 2938 de

139 2959 230 3020 ignava
242 2959 346 3018 ratione,
359 2957 386 3006 id
399 2964 437 3005 est
449 2957 480 3006 de
494 2957 563 3020 ἀργῷ
575 2957 652 3020 λόγῳ,
664 2972 713 3019 qna
725 2956 834 3004 admissa
850 2970 949 3004 omnem
966 2971 980 3002 e

139 3024 192 3072 vita
204 3023 258 3072 tolli
271 3023 395 3071 actionem
407 3021 511 3070 liberam
525 3019 596 3068 docet
608 3020 739 3084 Chrysippi
753 3028 779 3069 et
792 3020 927 3070 Carneadis
942 3035 979 3066 rn-

140 3088 219 3136 tiones
231 3101 343 3149 sequens,
354 3101 406 3146 cap.
419 3087 507 3144 13-16,
520 3083 534 3141 §
546 3087 634 3132 30-38.
671 3085 787 3148 Denique
797 3100 855 3133 cum
866 3086 930 3132 duae
941 3084 980 3131 fu-

139 3153 217 3200 issent
236 3161 345 3200 veterum
364 3149 565 3211 philosophorum
588 3149 732 3208 sententiae,
751 3163 801 3196 una
823 3163 917 3209 eornm,
936 3148 979 3209 qui
