2224 3446
235 142 302 191 LIB.
316 142 363 202 11,
378 141 455 190 CAP.
468 140 754 202 xxqu-xxxvr,
767 139 782 200 §
795 143 882 190 71-77.
932 143 980 191 223

136 243 181 301 Ti.
199 242 322 300 Gracchi
339 243 441 300 litteris
458 242 555 318 Scipio
577 250 606 299 et
622 241 740 317 Figulus
761 243 899 313 consules,
915 261 980 300 oum

136 341 259 399 augures
272 322 446 379 iudicassent
459 341 508 379 eos
522 322 593 378 vitio
607 331 716 378 creatos
731 340 799 393 esse,
811 322 981 398 magistratu

136 422 167 459 se
188 402 399 459 abdicaverunt.
442 400 513 469 Quis
534 408 621 477 negat
637 420 777 476 augurum
799 401 980 477 disciplinam

136 483 216 540 esset
257 481 474 538 Divinationem
499 500 582 557 nego
624 480 667 537 At
687 480 850 556 haruspices
871 480 978 539 divini:

136 581 209 639 quos
226 580 292 620 aum
309 560 352 618 Ti.
365 560 510 618 Gracchus
526 568 645 636 propter
661 567 783 617 mortem
801 561 980 636 repentinam

136 642 206 712 eiua,
223 642 273 718 qui
290 642 319 697 in
337 641 535 717 praerogativa
555 639 704 697 referenda
724 639 801 697 subit
789 647 820 697 to
841 639 980 697 concidis-

136 729 188 792 set,
202 722 230 777 iu
246 727 376 777 senatum
393 720 607 791 introduxisset,
619 739 678 776 non
692 720 799 776 iustum
817 727 979 796 rogatorem

135 766 226 859 fuisse
242 801 384 858 dixerunt.
428 799 444 856 7
449 807 474 857 5
496 763 629 857 Primuin
646 799 711 857 vide
728 818 764 856 uc
778 800 808 857 in
823 819 889 856 eum
903 800 980 858 dixe-

135 882 195 938 rint
196 881 262 958 ,qui
274 888 390 956 rogator
404 887 470 937 cent
472 880 548 936 uriae
558 880 668 936 fuisset
707 879 736 936 Is
748 879 824 937 enim
836 887 895 937 erat
905 899 980 937 mor-

135 969 211 1018 tuus.
254 960 289 1017 Id
300 967 396 1017 autern
411 961 471 1018 sine
482 960 659 1017 divinatione
673 960 837 1016 coniectura
847 966 980 1036 poterant

136 1041 238 1098 dicere.
281 1039 395 1097 Deinde
409 1040 530 1097 fortasse
544 1059 619 1111 casu,
633 1039 683 1115 qui
694 1039 773 1096 nullo
787 1039 876 1096 modo
891 1049 979 1098 estex

135 1121 192 1178 hoc
209 1139 312 1197 genere
333 1119 484 1178 tollendus
528 1119 605 1188 Quid
622 1119 699 1176 enim
717 1119 787 1176 scire
804 1119 918 1177 Etrusci
932 1120 980 1177 ha-

135 1201 263 1277 ruspices
283 1207 333 1257 aut
348 1200 386 1257 de
403 1198 587 1257 tabernaculo
607 1206 683 1256 recte
704 1205 789 1274 capto
810 1206 860 1256 aut
876 1200 912 1257 de
929 1219 980 1276 po-

135 1281 219 1337 merii
240 1281 300 1337 iure
320 1281 496 1356 potuerunt?
532 1279 675 1356 Equidem
696 1278 842 1336 adsentior
861 1279 893 1337 C
907 1279 980 1336 Mar-

136 1360 208 1418 cello
220 1360 320 1437 potius
334 1379 420 1436 quam
431 1359 508 1436 App.
519 1359 641 1416 Claudio
644 1377 712 1436 ,qur
703 1357 811 1415 'ambo
825 1359 883 1415 mei
897 1360 979 1416 colle·
995 1372 1000 1380 ‘

136 1459 190 1532 gae
203 1439 530 1516 fuerunt,existimoque
544 1437 981 1531 insangurum,cts1t'divinatio-

136 1521 182 1576 nis
196 1519 332 1596 opinione
346 1519 489 1596 principio
503 1519 610 1576 constit
573 1525 694 1576 titutum
711 1519 756 1589 sit,
768 1525 865 1575 tamen
879 1526 946 1594 post
947 1538 980 1576 ea

135 1619 177 1657 rer
168 1598 322 1675 publicae
337 1617 421 1656 causa
434 1605 633 1656 conservatum
647 1617 679 1655 ac
693 1605 844 1655 retentum

177 1678 321 1738 XXXVI.
352 1678 368 1735 7
372 1684 398 1736 6.
415 1677 471 1736 Sed
483 1678 518 1736 dc
533 1677 666 1736 hocloco
681 1678 784 1755 plura
777 1698 807 1735 ιιι
822 1677 892 1750 aliie,
903 1698 979 1736 nunc

136 1759 282 1816 hactenus.
317 1759 443 1816 Externa
456 1759 533 1816 enim
545 1758 671 1835 auguria,
682 1777 754 1835 quac
769 1765 835 1815 sunt
846 1778 905 1816 non
918 1766 978 1815 tarn

136 1837 290 1896 artificiosa
310 1839 396 1915 quarn
418 1838 623 1915 superstitiosa,
639 1839 794 1896 videamus.
836 1837 979 1896 Omnibus

136 1919 197 1976 fere
211 1919 310 1975 avibus
324 1925 453 1989 utuntur,
463 1937 516 1974 nos
530 1917 687 1975 admodum
702 1918 808 1995 paucis
842 1917 910 1975 Alia
923 1917 979 1975 illis

137 1999 252 2056 sinistra
268 2004 342 2069 suut,
355 1998 410 2055 alia
426 1998 538 2055 nostris
582 1997 698 2055 Solebat
714 2017 749 2056 ex
765 2017 812 2056 me
825 1997 979 2056 Deiotarus

136 2078 314 2155 percunctari
326 2078 416 2135 nostri
427 2078 540 2154 augurii
551 2077 740 2154 disciplinam,
750 2097 805 2155 ego
816 2098 851 2135 ex
861 2078 911 2136 illo
926 2079 977 2136 sui.

136 2158 176 2215 Di
191 2157 374 2229 immortales,
388 2166 527 2234 quantum
544 2157 711 2216 differebat!
732 2165 766 2216 ut
778 2157 922 2235 quaedam
939 2178 980 2215 es-

136 2237 296 2294 sent-ctiam
312 2237 460 2295 contraria.
493 2238 592 2315 Atque
602 2237 650 2295 ille
661 2238 696 2294 iis
711 2257 823 2314 semper
836 2237 977 2309 utebatur,

136 2337 196 2388 nos,
213 2318 268 2374 nisi
289 2317 359 2374 dum
381 2336 398 2374 a
417 2317 526 2394 populo
548 2317 674 2394 auspicia
694 2325 811 2394 accepta
830 2317 977 2388 habemus,

137 2417 222 2474 quam
248 2397 371 2455 multum
391 2396 427 2453 iis
451 2398 578 2454 utimur?
618 2395 756 2454 Bellicam
778 2417 837 2454 rem
859 2398 979 2455 admini-

91 2521 93 2528 ,
136 2478 218 2534 strari
229 2478 350 2535 maiores
364 2477 456 2534 nostri
468 2476 522 2534 nisi
533 2476 680 2553 auspicato
691 2476 852 2535 noluerunt.
885 2476 977 2545 Quam

136 2557 220 2613 multi
234 2557 302 2614 anni
317 2563 392 2627 sunt,
405 2576 471 2613 curn
485 2556 561 2614 bella
576 2576 594 2614 a
607 2555 825 2632 proconsulibus
842 2563 871 2614 et
885 2576 902 2613 a
915 2576 979 2633 pro-

135 2636 315 2712 praetoribus
329 2636 573 2705 administrantur‚
585 2636 635 2713 qui
645 2636 772 2712 auspicia
785 2655 843 2692 non
855 2635 977 2694 habenti

137 2715 183 2773 77.
194 2716 295 2793 Itaque
304 2736 356 2774 nec
365 2734 463 2772 amnes
472 2722 621 2773 transcunt
629 2716 776 2793 auspicato
787 2735 840 2773 nec
849 2716 978 2792 tripudio

136 2796 325 2872 auspicantur.
368 2794 444 2851 Nam
461 2814 496 2853 cx
510 2795 689 2853 acuminibus
706 2795 831 2873 quidem,
844 2795 923 2872 quod
936 2803 979 2852 to·

135 2882 199 2932 turn
210 2876 367 2952 auspicium
378 2875 501 2932 militare
512 2882 563 2945 est,
572 2875 628 2932 iam
639 2875 677 2932 M.
684 2875 833 2932 Marcellus
842 2875 888 2932 illc
898 2875 979 2953 quin-

136 2955 217 3032 quies
239 2955 339 3012 consul
363 2960 458 3012 totum
483 2955 589 3026 omisit,
612 2954 690 3012 idem
714 2955 878 3031 imperator,
900 2955 978 3012 idem

136 3054 227 3110 augur
248 3035 384 3110 optimus.
427 3033 488 3092 Ubi
509 3053 577 3110 crgo
599 3035 694 3091 avium
716 3035 874 3091 divinatiol
895 3053 976 3110 quae,

136 3113 273 3190 quoniam
294 3114 330 3171 ab
348 3113 391 3181 iis,
405 3113 454 3190 qui
471 3113 598 3190 auspicia
619 3114 697 3170 nulla
713 3113 828 3185 habent,
840 3112 915 3170 bella
930 3113 978 3169 ad-

136 3193 342 3263 ministrantur,
351 3192 387 3249 ab
399 3193 514 3250 urbanis
525 3197 635 3250 retenta
643 3193 764 3265 videtur,
773 3213 790 3251 a
798 3193 906 3251 bellicis
917 3211 977 3250 esse
