2242 3436
129 123 177 172 124
352 121 402 170 DE
418 119 569 170 NATURA
584 119 744 171 DEORUM.

129 221 272 300 phoniusl
312 219 412 278 Nostri
427 221 542 298 quidem
557 220 710 298 publicani,
723 239 790 278 cum
803 225 897 278 essent
907 239 970 297 agn

129 303 160 360 iu
173 301 298 359 Boeotia
314 300 433 358 deorum
447 301 653 358 immortalium
668 301 780 378 excepti
794 299 857 376 lege
873 319 970 357 censo·

129 383 179 454 ria,
191 380 336 458 negabant
346 379 522 437 immortales
536 399 596 438 esse
610 380 684 437 ullos
696 381 745 457 qui
755 379 908 457 aliquando
919 379 972 436 ho·

129 462 222 519 mines
240 461 371 518 fuissent.
413 459 471 516 Sed
488 459 512 516 si
529 466 596 516 sunt
612 458 643 515 hi
659 460 698 531 di,
714 467 758 517 est
774 466 850 517 certe
866 459 971 516 Erech·

129 541 222 612 theus,
237 541 318 598 cuius
334 538 459 596 Athenis
479 546 509 596 et
527 538 678 596 delubrum
694 539 819 596 vidimus
835 545 865 596 et
881 557 971 596 sacer-

130 621 237 679 dotem.
279 619 371 688 Quem
388 618 411 674 si
426 618 512 676 deum
528 619 659 690 facimus,
672 618 742 694 quid
756 626 806 676 aut
819 618 855 676 de
872 617 972 675 Codro

130 700 260 759 dubitare
274 717 426 776 possumus
442 705 492 756 aut
506 697 542 755 de
556 698 664 768 ceteris,
677 698 727 774 qui
740 704 903 774 pugnantes
915 716 971 773 pro

129 780 238 857 patriae
257 779 388 836 libertate
407 778 588 835 ceciderunt?
610 777 688 854 quod
705 778 729 833 si
746 776 894 854 probabile
910 796 972 833 non

130 866 181 930 est,
201 878 237 915 ne
261 859 311 915 illa
334 857 451 934 quidem
475 857 628 934 superiora,
648 856 725 914 unde
750 857 819 914 haee
841 869 970 926 manant,

129 937 278 1016 probanda
294 945 368 994 sunt
412 943 458 994 50.
480 937 579 1013 Atque
596 937 626 992 in
643 937 785 1012 plerisque
806 935 972 995 civitatibus

129 1017 258 1094 intellegi
274 1023 371 1094 potest
391 1017 537 1093 augendae
557 1016 671 1073 virtutis
692 1016 792 1092 gratia,
808 1035 865 1093 quo
882 1015 972 1072 liben-

129 1099 188 1156 tius
212 1097 254 1154 rci
277 1097 408 1173 publicae
436 1115 520 1154 eausa
543 1095 702 1172 perieulum
727 1095 819 1154 adiret
842 1095 972 1172 optimus

131 1178 258 1256 quisque,
271 1177 396 1234 virorum
410 1176 531 1233 fortium
544 1176 712 1232 memoriam
727 1175 836 1233 honore
850 1175 972 1232 deorum

129 1257 336 1315 immortalium
351 1263 551 1313 consecratam.
585 1254 631 1313 Ob
643 1275 705 1312 eam
717 1255 794 1312 enim
805 1255 896 1332 ipsam
907 1273 973 1311 eau-

131 1357 191 1395 sam
205 1337 381 1395 Erechtheus
395 1335 520 1392 Athenis
533 1335 664 1411 filiaeque
678 1336 739 1392 eius
752 1336 781 1391 in
793 1353 912 1391 numero
924 1333 973 1390 de·

131 1437 212 1475 orum
228 1424 303 1474 sunt.
340 1415 471 1493 Itemque
482 1415 655 1472 Leontidum
666 1421 710 1472 est
721 1414 870 1472 delubrum
881 1412 973 1470 Athe-

130 1498 184 1568 nis,
197 1497 275 1574 quod
289 1495 447 1552 Leocorion
464 1495 636 1552 nominatur.
679 1494 894 1551 Alabandenses
911 1493 973 1570 qui-

131 1578 198 1635 dem
215 1577 339 1633 sanetius
355 1574 539 1632 Alabandum
556 1574 662 1642 colunt,
677 1593 695 1630 a
712 1593 769 1651 quo
784 1580 827 1631 est
840 1573 908 1632 urbs
922 1571 973 1630 illa

132 1657 256 1726 condita,
276 1674 362 1733 quam
386 1673 557 1730 quemquam
584 1653 725 1711 nobilium
747 1654 874 1723 deorum,
893 1652 972 1730 apud

133 1755 204 1812 quos
222 1754 281 1792 non
298 1732 435 1790 inurbane
453 1733 639 1804 Stratonicus,
656 1740 690 1791 ut
706 1733 805 1804 multa,
823 1751 889 1790 cum
910 1732 973 1809 qui-

132 1817 199 1872 dam
214 1815 240 1871 ci
254 1813 391 1870 molestus
405 1812 587 1870 Alabandum
603 1813 689 1870 deum
703 1832 764 1870 csse
780 1812 971 1883 confirmaret,

133 1893 286 1951 Herculem
307 1898 440 1968 negaret:
463 1892 567 1968 “Ergo
577 1892 593 1920 '’
612 1893 708 1969 inquit
728 1892 827 1950 “mihi
846 1891 973 1949 Alaban-

133 1975 195 2044 dus
211 1973 265 2029 tibi
281 1971 419 2029 Hercules
440 1971 478 2028 sit
497 1971 629 2029 iratusl”
670 1971 739 2030 XX.
782 1978 828 2029 51.
852 1971 904 2028 Illa
924 1991 973 2028 au-

133 2062 202 2124 tem,
213 2051 312 2122 Balbe,
324 2070 396 2127 quae
413 2058 445 2108 tu
461 2070 478 2108 a
491 2050 568 2108 caelo
585 2051 724 2128 astrisque
741 2051 871 2122 ducebas,
885 2069 972 2128 quam

133 2134 219 2210 longe
233 2139 348 2207 serpant
361 2150 420 2187 non
436 2131 531 2188 videsi
568 2130 664 2188 Solem
678 2131 764 2188 deum
779 2149 838 2188 esse
849 2131 973 2188 Lunam·

135 2229 197 2290 que,
210 2229 332 2288 quorum
346 2210 465 2267 alterurn
479 2209 646 2286 Apollinem
657 2210 766 2282 Graeci,
776 2211 891 2268 alteram
903 2210 973 2267 Dia-

133 2312 201 2349 nam
215 2297 326 2368 putant.
369 2289 454 2358 Quod
469 2291 492 2347 si
506 2290 587 2347 Luna
600 2290 654 2348 dea
670 2298 721 2361 est,
734 2309 802 2367 ergo
816 2291 903 2348 etiam
918 2289 974 2347 Lu-

135 2373 207 2429 cifer
226 2378 391 2446 ceteraeque
412 2376 536 2426 errantes
555 2389 706 2427 numerum
724 2370 843 2428 deorum
862 2370 973 2427 obtine-

134 2452 221 2509 bunt:
243 2450 333 2526 igitur
346 2449 431 2506 etiam
446 2450 609 2506 inerrantes
648 2449 707 2507 Cur
720 2457 816 2507 autem
830 2449 899 2507 Arei
911 2468 974 2526 spe·

134 2533 191 2589 cies
211 2530 317 2587 nonin
334 2528 453 2586 deorum
470 2547 589 2586 numero
608 2531 781 2606 reponatur?
822 2529 875 2586 Est
894 2530 972 2586 enim

134 2611 268 2689 pulcher:
291 2609 305 2684 l
319 2615 349 2666 01
367 2608 404 2665 ob
421 2627 484 2665 eam
501 2627 623 2679 causam,
640 2609 706 2686 quia
722 2609 846 2686 speciem
867 2608 974 2666 habeat

135 2686 340 2758 admirabilem,
352 2687 531 2744 Thaumante
548 2688 653 2746 dicitur
669 2707 729 2746 esse
746 2695 829 2746 nata:
851 2689 931 2746 cuius
948 2689 974 2746 si

135 2769 233 2826 divina
245 2773 347 2822 natura
361 2772 411 2836 est,
425 2766 495 2842 quid
508 2767 596 2824 facies
609 2767 752 2826 nubibusi
789 2768 882 2826 Areus
895 2768 974 2826 enirn

135 2848 196 2923 ipse
205 2865 239 2903 ex
249 2845 372 2901 nubibus
382 2844 502 2903 efficitur
511 2847 634 2924 quodam
643 2847 732 2904 modo
743 2847 891 2905 coloratis:
907 2865 975 2923 qua-

135 2944 199 2981 rum
214 2942 271 2979 una
285 2924 371 2979 etiam
386 2923 543 2982 Centauros
553 2927 695 3002 peperisse
706 2927 817 2985 dicitur.
852 2926 937 2995 Quod
949 2927 975 2985 si

136 3002 226 3059 nubes
243 3002 384 3059 rettuleris
398 3004 427 3060 in
443 3004 519 3075 deos,
531 3005 695 3062 referendae
713 3013 789 3064 certo
806 3013 975 3064 01111111οω-

136 3087 268 3152 pestates
293 3101 364 3156 quae
391 3083 492 3159 populi
516 3084 640 3140 Romani
666 3085 768 3143 ritibus
795 3093 976 3144 consecratae

136 3166 210 3218 sunt.
248 3161 326 3235 Ergo
340 3161 453 3233 imbres
465 3163 565 3233 nimbi,
577 3164 724 3238 procellae,
736 3165 865 3222 turbines
879 3167 909 3222 di
924 3185 976 3242 pu-
