2224 3446
125 132 173 178 232
386 131 435 179 DE
452 130 701 181 DIVINATIONE.

125 229 218 288 adhuc
233 229 394 306 disputasti,
403 249 519 307 prorsus
533 230 685 301 adsentior,
694 236 803 301 et,vere
813 237 846 288 ut
856 232 965 308 loquar,

125 329 298 387 quamquam
315 317 365 366 tua
385 329 431 367 me
453 310 545 367 oratio
566 309 753 380 confirmavit,
763 316 861 368 tamen
878 312 966 368 etiam

123 409 188 446 mea
202 395 304 466 sponte
318 390 404 446 nimis
419 390 645 465 superstitiosam
657 390 692 447 de
703 389 881 447 divinatione
892 389 968 448 Stoi-

124 489 222 527 corum
238 469 408 526 sententiam
419 468 597 526 iudicabam:
619 468 690 526 haec
703 487 750 526 me
761 469 968 547 Peripatetico-

123 569 188 606 rum
211 549 284 606 ratio
305 549 397 626 magis
418 548 552 605 movebat
573 555 602 606 ct
622 549 725 606 veteris
746 549 915 608 Dicaearchi
936 558 967 608 et

123 629 192 699 eius,
208 628 258 705 qui
278 647 354 685 nunc
378 627 468 699 floret,
484 627 624 705 Cratippi,
640 629 691 705 qui
711 637 829 687 censent
853 649 913 687 esse
934 630 966 687 in

122 709 268 766 mentibus
288 707 438 764 hominum
456 714 603 785 tamquam
625 708 771 766 oraculum
792 709 918 786 aliquod,
931 730 966 768 ex

123 807 182 864 quo
197 788 296 845 futura
311 787 512 864 praesentiant,
529 789 553 844 si
569 794 619 845 aut
635 789 732 846 furore
753 789 853 847 divino
867 791 967 848 incita

122 875 170 924 tus
186 867 298 924 animus
315 874 365 925 aut
382 886 483 924 somno
500 868 641 927 relaxatus
658 868 750 926 solute
767 877 916 928 moveatur
933 889 966 927 ac

122 946 216 1004 libere.
259 946 315 1003 His
332 946 368 1004 de
384 947 537 1023 generibus
554 948 625 1025 quid
642 949 747 1006 sentias
764 956 794 1007 et
811 949 915 1027 quihus
932 969 967 1007 ea

121 1025 281 1083 rationibus
294 1024 421 1084 infirmes
435 1028 533 1085 andire
548 1047 614 1086 saue
628 1029 722 1086 velim.

162 1105 269 1164 XLIX.
305 1111 371 1164 101.
387 1105 467 1175 Quae
481 1127 547 1165 cum
560 1108 608 1166 ille
622 1108 749 1180 dixisset,
760 1115 822 1166 tum
838 1128 892 1186 ego
906 1129 966 1167 rur-

121 1205 169 1242 sus
184 1186 264 1263 quasi
275 1185 311 1243 ab
326 1186 382 1243 alio
393 1187 535 1263 principio
551 1207 614 1245 sum
628 1207 744 1246 exorsus
759 1189 861 1247 dicere.
897 1189 964 1247 Nou

121 1266 232 1342 ignoro,
245 1266 371 1343 inquam,
384 1265 499 1337 Quinte,
510 1274 539 1324 te
557 1287 669 1344 semper
682 1269 723 1326 ita
740 1269 914 1341 sensissent
928 1270 965 1327 de

121 1346 222 1404 ceteris
239 1347 388 1404 divinandi
402 1348 554 1424 generibus
570 1348 722 1419 dubitares,
735 1349 791 1406 ista
807 1350 874 1422 duo,
887 1350 965 1406 furo

32 1419 40 1430 ’
120 1426 160 1482 ris
175 1433 205 1483 et
222 1427 335 1497 somnii,
349 1446 421 1504 quae
438 1445 455 1484 a
471 1427 560 1484 libera
575 1435 672 1486 mente
689 1428 776 1486 fluere
789 1429 962 1500 viderentur,

120 1506 262 1582 probares.
297 1507 400 1563 Dicam
416 1507 505 1583 igitur
518 1508 554 1565 de
568 1508 630 1565 istis
644 1508 714 1584 ipsis
729 1508 841 1567 duobus
855 1510 966 1587 generi·

120 1583 174 1642 bus
194 1586 267 1644 mihi
284 1587 355 1664 quid
372 1587 513 1657 videatur,
526 1588 549 1644 si
566 1588 646 1664 prins
666 1595 695 1646 et
711 1587 876 1647 Stoicorum
897 1609 964 1647 con-

121 1665 210 1723 clusio
227 1667 347 1724 rationis
364 1675 393 1724 et
410 1667 541 1744 Cratippi
558 1668 649 1725 nostri
664 1669 733 1745 quid
748 1670 840 1728 valeat
853 1670 961 1727 videro.

120 1743 228 1803 Dixisti
243 1748 319 1803 enim
335 1753 364 1804 ct
375 1746 570 1824 Chrysippum
585 1754 614 1805 et
625 1748 785 1825 Diogenem
802 1756 830 1807 et
842 1750 964 1826 Antipa-

119 1833 197 1882 trum
212 1826 380 1884 concludere
395 1825 450 1884 hoc
464 1827 572 1885 modo:
595 1827 653 1885 “Si
665 1835 731 1885 sunt
745 1828 775 1886 di
789 1848 881 1906 neque
896 1838 963 1887 ante

120 1905 264 1963 declarant
280 1906 540 1983 hominibusquae
557 1908 656 1964 fut-ura
676 1908 742 1980 sint,
754 1916 804 1966 aut
820 1928 879 1966 non
900 1909 964 1967 dili·

120 1992 193 2061 gunt
210 1985 342 2043 homines
363 1992 413 2043 aut
430 1987 500 2063 qnid
517 1995 685 2044 eventurum
707 1989 745 2046 sit
761 1989 896 2065 ignorant
912 1995 963 2046 aut

120 2065 285 2122 existimant
299 2065 371 2122 nihil
385 2066 521 2124 interesse
534 2065 685 2124 hominurn
701 2069 771 2126 scire
786 2069 856 2146 qnid
871 2069 908 2126 sit
917 2069 963 2126 fu-

120 2152 217 2201 turum
231 2152 281 2203 aut
291 2164 350 2202 non
361 2153 478 2203 censent
488 2165 548 2204 csse
563 2166 629 2204 suae
639 2148 797 2206 maiestatis
807 2148 963 2226 praesigni·

120 2223 202 2282 ficare
216 2224 383 2283 hominibus
397 2245 470 2303 quae
487 2227 545 2284 sint
558 2227 656 2285 futura
670 2235 720 2286 aut
734 2247 767 2285 ea
780 2248 816 2286 ne
832 2229 886 2306 ipsi
901 2229 963 2306 qui·

120 2303 186 2360 dem
204 2305 233 2362 di
248 2305 408 2382 significare
422 2313 550 2383 possunt.
595 2312 660 2365 102.
679 2307 721 2365 At
735 2327 827 2385 neque
844 2328 901 2366 non
920 2309 962 2366 di-

120 2383 214 2459 ligunt
231 2404 299 2443 nos:
322 2393 389 2443 suut
405 2387 483 2443 enim
502 2385 622 2443 benefici
638 2387 792 2465 generique
809 2387 961 2445 hominum

119 2464 221 2520 amici:
244 2484 335 2542 neque
346 2467 481 2542 ignorant
495 2486 536 2536 ea,
547 2485 619 2543 quae
634 2467 669 2523 ab
680 2468 751 2544 ipsis
761 2469 919 2526 constituta
932 2474 962 2524 et

119 2541 269 2619 designata
282 2553 370 2603 sunt:
391 2565 484 2622 neque
499 2556 597 2603 nostra
610 2547 683 2603 nihil
698 2548 816 2605 interest
830 2549 900 2605 scire
918 2567 960 2617 ea,

120 2640 192 2697 quac
206 2623 305 2681 futura
318 2626 392 2682 sint:
414 2627 519 2682 erimus
534 2627 609 2683 euim
625 2627 772 2698 cautiores,
784 2629 807 2684 si
822 2629 960 2685 sciemus:

119 2720 213 2778 neque
229 2703 284 2760 hoc
306 2704 430 2761 alienum
453 2705 563 2762 ducunt
579 2707 728 2764 maiestate
750 2727 808 2777 sua,
823 2707 896 2764 nihil
917 2715 962 2764 est

119 2781 196 2837 onim
213 2781 400 2840 beneficentia
416 2787 623 2860 praestantius:
645 2806 738 2863 neque
759 2807 817 2843 nou
839 2793 962 2863 possunt

119 2859 217 2916 futura
231 2881 421 2937 praenoscere.
464 2864 531 2921 Non
548 2865 637 2942 igitur
654 2866 684 2923 di
702 2874 769 2923 suut
786 2885 838 2923 nec
855 2865 962 2943 siguifi-

119 2945 185 2995 cant
202 2941 285 2998 nobis
301 2942 414 2999 futura:
437 2951 503 3000 sunt
520 2953 614 3002 autem
633 2945 679 3002 di:
703 2946 865 3022 significant
882 2965 959 3022 crgo.

119 3015 158 3072 Et
169 3037 235 3089 non,
247 3020 271 3075 si
282 3021 443 3096 significant
453 3023 559 3094 futura,
569 3024 660 3081 nullas
675 3025 745 3082 daut
755 3025 839 3082 uobis
850 3026 910 3082 vias
924 3026 961 3082 ad

119 3095 360 3169 significationum
372 3101 533 3159 scientiam:
551 3103 658 3161 frustra
669 3106 745 3162 enim
757 3104 960 3180 significarent,

118 3190 220 3247 neque,
232 3177 255 3232 si
270 3177 340 3235 dant
353 3179 420 3251 vias,
433 3198 492 3237 non
504 3188 547 3238 est
558 3182 714 3241 divinatio:
733 3191 776 3241 est
787 3184 876 3260 igitur
890 3185 961 3242 divi-
