2242 3436
177 139 179 144 .
234 123 303 173 rra.
317 122 380 183 nr,
395 120 474 170 car.
487 121 774 184 xxxva-xxxin,
790 123 803 183 a
818 127 907 174 sa-oa.
949 127 995 172 rao

152 223 217 282 tiae.
252 222 345 291 Quem
354 241 405 279 vos
415 220 557 298 praeclare
570 222 735 294 defenditis
746 243 809 281 cum
822 225 918 282 dicitis
932 245 994 282 eam

153 305 212 361 vim
226 303 346 361 deorum
361 321 429 372 esse,
439 309 480 372 ut,
491 301 578 358 etiam
594 302 617 359 si
632 303 696 379 quis
712 311 805 360 morte
818 323 925 380 poenas
939 323 996 361 sce-

151 383 217 442 leris
233 383 377 460 effugerit,
390 388 560 457 expetantur
577 401 625 439 eae
641 401 750 459 poenae
767 402 784 438 a
800 382 933 453 liberis,a
949 403 995 440 ne

151 463 308 540 potibuS,a
324 463 454 538 posteris
498 460 524 518 O
545 461 647 517 miram
668 462 840 536 aequitatem
859 461 994 519 deorum!

151 544 285 600 Ferretne
299 542 400 600 civitas
414 539 471 597 ulla
484 539 604 597 latorem
614 540 698 596 istius
708 539 788 596 modi
797 539 876 616 legis,
887 547 919 595 ut
930 558 995 596 con-

151 623 334 680 demnaretur
342 621 418 678 filius
429 627 478 677 aut
489 639 587 696 nepae,
597 619 621 676 si
632 625 773 696 paterent
783 639 852 676 avus
863 619 995 700 deliquis-

152 704 214 760 setl

216 833 326 894 Quinam
338 831 527 880 Tantalidarum
538 829 694 878 internicioni
707 829 794 877 modus

215 899 339 947 Paretur?
356 907 399 944 aut
411 911 533 960 quaenam
545 909 664 958 umquam
676 895 707 942 ob
720 904 824 942 mortem
835 894 930 958 Myrtili

217 963 309 1012 Poenis
320 962 416 1010 luendis
428 962 528 1010 dabitur
539 962 613 1010 satias
625 960 749 1024 supplici?

152 1103 198 1155 91.
215 1097 322 1155 Utrum
337 1102 441 1173 poetae
453 1095 566 1152 Stoicos
581 1095 764 1172 depravarint
778 1114 814 1152 an
825 1094 915 1152 Stoici
926 1103 995 1172 poe·

149 1179 189 1235 tis
205 1177 336 1234 dederint
352 1177 554 1234 auctoritatem
572 1195 629 1231 non
648 1175 731 1232 facile
742 1175 882 1233 dixerim.
925 1175 995 1233 Por·

149 1265 230 1315 tenta
247 1257 323 1314 enim
339 1255 376 1313 ab
391 1256 519 1332 utrisque
536 1263 565 1312 et
580 1255 689 1331 flagitia
706 1256 849 1312 dicuntur.
891 1254 993 1332 Neque

150 1339 236 1408 enim,
247 1356 331 1413 quem
347 1336 540 1412 Hipponactis
555 1336 667 1392 iambus
678 1335 796 1392 laeserat
810 1341 859 1391 aut
871 1335 921 1410 qui
934 1342 994 1392 erat

150 1416 318 1474 Archilochi
335 1435 417 1474 versu
435 1416 635 1486 vulneratusa
656 1416 711 1472 deo
732 1415 894 1470 immissum
915 1413 994 1471 dolo·

149 1516 219 1568 rem,
230 1515 289 1553 non
311 1503 481 1572 conceptum
500 1515 517 1553 a
537 1495 647 1572 seipso
667 1493 841 1565 continebat,
854 1512 914 1565 nec,
927 1513 993 1550 cum

149 1576 284 1653 Aegisthi
300 1574 450 1632 libidinem
471 1583 521 1632 aut
538 1595 603 1632 cum
620 1574 733 1632 Paridis
751 1573 918 1646 videmuS,a
938 1574 993 1631 deo

149 1675 264 1714 causam
281 1655 459 1731 requirimus,
475 1675 540 1712 cum
559 1654 658 1731 culpae
675 1673 764 1731 paene
781 1673 881 1711 vocem
898 1654 994 1710 andia-

148 1756 222 1807 mus,
237 1754 290 1792 nec
311 1754 365 1812 ego
385 1734 544 1792 multorum
563 1754 712 1811 aegrorum
735 1734 856 1791 salntem
877 1753 935 1790 non
957 1734 992 1790 ab

150 1816 329 1893 Hippocrate
346 1817 443 1893 potius
461 1835 546 1892 quam
561 1815 596 1871 ab
614 1813 788 1890 Aesculapio
805 1814 902 1871 datam
921 1815 993 1871 iudi-

149 1916 192 1968 co,
201 1915 253 1953 nec
262 1895 552 1954 Lacedaemoniorum
562 1894 742 1970 disciplinam
753 1894 845 1951 dicam
855 1913 992 1970 umquam

149 1976 185 2032 ab
200 1976 336 2053 Apolline
351 1977 448 2053 potius
466 1975 584 2052 Spartae
602 1993 686 2051 quam
706 1973 868 2050 aLycnrgo
886 1974 991 2031 datam.

149 2056 301 2125 Critolaus
319 2057 445 2133 inquam,
463 2055 566 2113 evertit
586 2053 768 2125 Corinthum,
783 2053 992 2130 Karthaginem
1028 2105 1030 2109 .

149 2135 321 2193 Hasdrubal.
356 2136 397 2192 Hi
412 2136 469 2192 duo
481 2135 545 2192 illos
559 2133 656 2192 oeulos
671 2153 736 2191 orae
750 2134 910 2191 maritimae
925 2135 993 2190 effo-

149 2217 261 2286 derunt,
274 2235 333 2272 non
350 2216 439 2272 iratus
456 2215 553 2292 aliqui,
566 2233 652 2291 quem
673 2213 793 2271 omnino
810 2213 892 2270 irasci
909 2233 993 2290 posse

149 2296 269 2371 negatis
282 2295 359 2352 dena.
403 2301 449 2352 92.
465 2295 508 2352 At
522 2293 671 2351 subvenire
685 2300 759 2350 certe
773 2293 870 2369 potuit
885 2300 913 2350 et
928 2311 993 2350 con-

150 2393 259 2432 servare
273 2374 357 2432 urbes
368 2381 462 2431 tantas
472 2382 557 2450 atque
568 2373 646 2430 talea.
683 2371 827 2428 XXXIX.
838 2372 901 2429 Vos
915 2372 992 2429 enim

149 2455 206 2532 ipsi
223 2454 317 2511 dicere
337 2453 434 2512 soletis
455 2454 526 2510 nihil
544 2472 604 2510 esse
626 2452 704 2528 quod
721 2451 791 2508 deus
808 2449 917 2508 efficere
934 2471 992 2508 non

149 2535 250 2612 possit,
266 2541 295 2590 et
316 2534 432 2610 quidem
454 2534 515 2590 sine
536 2532 632 2590 labore
653 2530 728 2589 ullo:
750 2537 783 2586 ut
804 2531 880 2586 enim
901 2529 994 2588 homi-

149 2633 220 2671 num
234 2613 363 2671 membra
375 2613 454 2670 nulla
467 2613 651 2670 contentione
666 2617 762 2668 mente
776 2610 838 2686 ipsa
852 2629 884 2666 ac
895 2609 993 2666 volun-

148 2701 209 2751 tate
224 2700 399 2763 moveantur,
413 2693 452 2750 sie
466 2693 584 2750 numine
599 2692 718 2748 deornm
733 2690 831 2747 omnia
844 2689 923 2765 fingi,
934 2709 993 2746 mo-

149 2774 210 2831 veri
223 2772 385 2850 mutarique
399 2791 490 2850 posse.
525 2772 626 2848 Neque
641 2771 672 2827 id
685 2770 782 2828 dicitis
797 2769 993 2846 superstitiose

149 2860 236 2930 atque
250 2852 370 2924 aniliter,
381 2853 430 2910 sed
442 2852 562 2929 physica
575 2851 774 2926 constantique
789 2851 913 2906 ratione:
935 2868 993 2906 rna·

149 2934 252 2990 teriam
267 2934 343 2990 enim
357 2952 460 3002 rernm,
473 2952 507 2990 cx
525 2938 623 3009 quaet
640 2931 670 2987 in
689 2949 744 3007 qua
761 2930 858 2986 omnia
872 2929 938 2998 sint,
950 2939 993 2985 to-

149 3019 211 3070 tam
236 3031 296 3070 eaee
319 3011 474 3070 flexibilem
499 3019 528 3068 et
552 3008 794 3079 commutabilem,
809 3015 842 3065 ut
862 3007 934 3064 nihil
956 3008 992 3064 sit

151 3092 230 3170 qnod
250 3112 310 3149 non
331 3112 365 3150 ex
386 3111 419 3149 ea
443 3091 572 3167 quamvis
597 3088 692 3146 subito
713 3087 785 3163 fingi
809 3087 992 3163 convertique

150 3172 251 3250 possit,
265 3173 325 3229 eius
345 3179 441 3228 autem
463 3171 609 3227 universae
626 3167 761 3225 fictricem
781 3174 811 3223 et
826 3166 992 3223 moderatri-
