2242 3436
119 103 153 152 96
345 101 395 150 DE
412 101 562 152 NATURA
577 102 738 156 DEORUM.

120 202 159 260 ad
175 221 246 279 quas
262 221 362 260 omnes
378 203 440 260 eius
453 203 515 260 viae
532 204 693 280 pertinent:
715 223 767 281 per
783 223 853 282 quas
867 205 965 282 lapsus

121 282 202 340 cibus
218 283 249 339 iu
263 281 318 340 boc
335 283 399 359 ipso
415 283 479 340 loco
496 284 526 340 in
544 302 606 340 eam
621 303 815 361 venam,quae
832 304 900 342 cava
916 306 965 363 ap-

120 362 251 438 pellatur,
266 363 456 420 confunditur
475 383 582 440 perque
603 383 666 421 eam
687 365 724 420 ad
745 383 795 422 cor
815 365 965 423 confectus

121 444 178 500 iam
201 449 411 520 concoctusque
433 443 596 520 perlabitur,
612 464 630 500 a
651 445 736 502 eorde
756 451 853 502 autem
874 446 903 502 in
921 454 966 503 to

120 530 184 579 tum
202 541 305 600 eorpus
321 522 503 580 distribuitur
516 542 568 600 per
581 543 667 581 venas
683 525 839 581 admodum
857 525 966 582 multas

121 603 149 660 in
167 622 267 660 omnes
277 610 372 680 partes
383 603 510 680 corporis
520 604 703 680 pertinentes.
744 610 809 662 138.
823 603 914 673 Quem
927 605 966 662 ad

120 683 241 748 modum
256 689 352 740 autem
369 683 504 759 reliquiae
521 683 578 740 cibi
592 683 771 760 depellantur
784 692 847 741 turn
865 686 966 742 astrin-

121 762 256 838 gentibus
278 781 307 820 se
330 763 482 834 intestinis,
497 769 561 822 tum
583 762 775 821 relaxantibus
797 763 875 821 haud
896 785 966 822 sane

121 842 237 900 difficile
258 842 338 900 dictu
359 849 409 914 est,
423 843 473 900 sed
489 849 585 900 tamen
603 844 840 920 praetereundum
863 851 915 916 est,
928 864 966 902 ne

122 922 193 999 quid
206 921 310 980 habeat
324 922 542 980 iniucunditatis
557 924 656 981 oratio.
699 923 753 980 Illa
765 924 863 1000 potius
877 924 967 999 expli-

121 1009 202 1059 cetur
216 1001 391 1060 incredibilis
401 1001 511 1060 fabrica
524 1009 649 1060 naturae.
684 1002 760 1061 Nam
775 1022 847 1080 quae
861 1004 966 1080 spiritu

121 1083 152 1139 in
164 1082 318 1159 pulmones
334 1082 430 1139 anima
446 1083 569 1154 ducitur,
580 1102 615 1140 ea
629 1082 745 1141 calescit
758 1085 884 1161 primum
899 1084 965 1160 ipso

121 1162 158 1219 ab
179 1162 289 1240 spiritu,
305 1162 409 1220 deinde
430 1164 602 1240 contagione
623 1163 803 1240 pulmonum,
819 1183 853 1221 ex
875 1182 966 1241 eaque

121 1262 187 1319 pars
200 1242 330 1300 redditur
343 1243 518 1320 respirando,
528 1263 594 1320 pars
607 1244 769 1321 concipitur
780 1244 873 1301 cordis
883 1252 966 1320 parte

122 1322 255 1400 quadarn,
267 1341 352 1399 quem
370 1322 560 1380 ventriculum
582 1324 676 1381 cordis
697 1324 849 1400 appellant,
862 1325 909 1381 eui
930 1324 967 1381 si·

121 1403 199 1461 milis
220 1403 291 1460 alter
312 1403 463 1460 adiunctus
483 1411 535 1474 est,
548 1404 578 1460 in
599 1423 684 1480 quem
706 1404 822 1480 sanguis
839 1424 856 1460 a
872 1405 966 1461 iecore

121 1503 173 1562 per
187 1502 287 1540 venam
303 1483 380 1540 illam
395 1501 493 1540 cavam
508 1481 611 1540 influit.
653 1484 754 1560 quue
768 1484 856 1540 modo
871 1503 905 1540 ex
921 1483 966 1540 lris

122 1563 251 1640 partibus
265 1570 294 1620 et
309 1563 424 1638 sanguis
439 1582 489 1641 per
499 1581 585 1620 venas
599 1564 629 1620 in
644 1582 730 1620 omne
744 1582 847 1640 corpus
861 1563 967 1621 diffun-

123 1644 201 1701 ditur
217 1650 246 1700 et
263 1643 380 1718 spiritus
396 1661 447 1719 per
463 1643 587 1700 arterias.
630 1643 778 1720 Utraeque
795 1650 890 1701 autem
909 1663 968 1701 ore·

122 1723 189 1781 brae
203 1722 367 1799 multaeque
385 1742 504 1799 corpore
518 1730 581 1780 toto
596 1723 722 1780 intextae
736 1724 794 1780 vim
823 1725 968 1803 quandam

123 1802 319 1861 incredibilem
348 1801 494 1860 artificiosi
522 1803 616 1879 operis
643 1804 791 1880 divinique
814 1806 965 1862 testantur.

125 1889 191 1941 139.
210 1881 287 1951 Quid
304 1882 398 1939 dicam
419 1882 456 1939 de
477 1882 596 1952 ossibus,
609 1903 681 1960 quae
703 1882 830 1940 subiecta
850 1884 967 1960 corpori

122 1962 267 2021 mirabiles
284 1962 485 2019 commissuras
501 1962 610 2020 habent
623 1971 653 2020 et
666 1963 703 2020 ad
718 1963 903 2021 stabilitatem
918 1983 968 2040 ap

66 2102 69 2104 .
123 2051 168 2101 tas
190 2050 219 2100 et
235 2042 273 2100 ad
293 2050 371 2100 artus
387 2041 530 2100 finiendos
551 2043 782 2100 accommodatas
803 2050 833 2100 et
852 2043 889 2100 ad
905 2063 968 2100 mo·

123 2131 187 2182 tum
209 2130 238 2180 et
260 2122 297 2179 ad
318 2141 434 2180 ornnem
456 2123 585 2199 corporis
606 2124 781 2180 actionem..
803 2123 871 2180 Huc
892 2124 967 2181 adde

123 2223 233 2273 nervos,
246 2222 263 2260 a
279 2203 383 2280 quibus
399 2209 477 2259 artus
497 2203 688 2274 eontinentur,
701 2221 857 2279 eorumque
873 2202 969 2280 impli-

123 2285 267 2342 cationem
283 2290 348 2340 toto
369 2301 488 2359 corpore
508 2283 708 2359 pertinentem,
721 2283 771 2359 qui
788 2283 862 2340 siout
878 2303 969 2340 venae

125 2373 155 2421 et
168 2364 286 2421 arteriae
302 2382 319 2420 e
336 2363 421 2421 corde
435 2365 519 2421 tracti
533 2371 563 2420 et
576 2363 701 2441 profecti
715 2363 746 2418 in
763 2382 867 2440 corpus
881 2382 969 2420 omne

124 2445 275 2502 ducuntur.
318 2442 394 2501 LVI.
439 2448 505 2500 140.
523 2443 574 2500 Ad
593 2442 667 2500 hano
688 2443 898 2519 providentiam
920 2463 970 2500 na-

124 2531 204 2582 turae
218 2531 279 2581 tam
293 2523 460 2598 diligentem
476 2531 592 2600 tamque
607 2522 748 2580 sollertem
765 2523 882 2599 adiungi
897 2523 971 2580 mul·

125 2612 155 2662 ta
168 2610 322 2682 possunt,e
337 2602 440 2680 quibus
454 2603 637 2680 intellegatur
651 2610 773 2680 quantae
788 2621 831 2660 res
845 2602 971 2660 bomini-

125 2684 180 2740 bus
196 2702 213 2740 a
230 2683 274 2740 dis
292 2701 435 2761 quamque
452 2683 572 2741 eximiae
589 2682 712 2741 tributae
730 2682 804 2739 sint:
827 2701 899 2759 quae
914 2683 971 2760 pri-

126 2782 206 2820 mum
221 2781 270 2819 eos
282 2762 372 2820 humo
387 2763 526 2819 excitatos
540 2762 629 2820 celsos
643 2770 672 2820 et
684 2769 793 2820 erectos
807 2762 969 2832 constituit,

127 2848 161 2898 ut
171 2842 290 2898 deorum
305 2842 500 2917 cognitionem
516 2841 625 2899 caelum
636 2843 781 2900 intuentes
794 2860 895 2919 capere
905 2861 972 2919 pos·

128 2926 199 2976 sent.
242 2920 316 2976 Sunt
332 2921 408 2978 enirn
430 2939 464 2977 ex
484 2929 559 2978 terra
575 2920 708 2979 homines
728 2940 788 2979 non
808 2929 843 2978 ut
859 2921 972 2978 incolae

129 3005 214 3072 atque
234 2997 417 3069 habitatores,
433 2999 483 3056 sed
504 3001 585 3077 quasi
608 3009 782 3077 spectatores
803 3020 972 3078 superarum

129 3095 223 3132 rerum
238 3084 323 3152 atque
337 3078 509 3149 caelestium,
520 3099 639 3156 quarum
654 3080 847 3157 spectaculum
863 3081 901 3140 ad
912 3081 973 3138 nul·

130 3153 190 3209 lum
204 3154 281 3210 aliud
291 3174 381 3228 genus
392 3158 578 3215 animantium
590 3160 721 3234 pertinet.
757 3160 863 3218 Sensus
873 3170 972 3219 autem
