2224 3446
279 109 349 159 ΗΒ.
363 109 411 170 11.,
425 107 503 158 ear.
518 108 690 170 nrm-cxc,
703 108 717 168 s
731 111 851 160 lar-127.
937 111 983 159 241

146 229 210 268 sum
228 208 384 268 secundum
402 210 527 286 quietem
545 210 589 280 sit,
603 208 673 286 quid
689 211 800 267 evenire
818 217 847 267 et
862 210 931 287 quid
946 230 985 268 se-

146 294 197 367 qui
211 290 307 348 soleat.
346 289 476 346 Primum
486 289 577 365 igitur
586 289 808 366 intellegendum
824 298 867 348 est
878 289 984 347 nullam

146 372 204 426 vim
230 389 290 428 csse
312 369 439 426 divinam
463 369 635 426 effectricem
660 370 844 427 somniomm.
887 369 985 446 Atque

145 449 217 506 illud
235 449 351 526 quidem
367 448 550 525 perspicuum
567 455 618 520 cst,
634 448 711 505 nulla
728 450 787 506 visa
807 449 983 508 somniorum

145 528 287 606 proficisci
302 548 318 586 a
331 529 449 585 numine
463 528 599 586 deorum:
617 535 715 585 nostra
728 529 805 586 enim
819 549 903 587 causa
913 529 943 587 di
953 530 985 586 id

145 611 281 680 facerent,
293 616 326 667 ut
342 607 491 685 providere
508 607 606 666 futura
622 627 778 686 possemus.
822 616 887 668 125.
910 609 986 677 Quo-

145 697 192 746 tus
208 689 354 765 igiturest
369 688 488 765 quisque
502 688 552 764 qui
566 688 685 745 somniis
699 696 804 765 pareat,
818 694 866 767 qui
877 689 985 747 intelle·

144 777 202 844 gat,
212 769 261 844 qui
272 768 453 825 meminerit?
470 787 554 845 quam
566 768 650 825 multi
661 787 728 826 vero
740 770 790 846 qui
801 776 985 827 contemnant

145 867 264 924 eamque
286 847 517 924 superstitionem
532 847 670 905 imbecilli
687 849 776 905 animi
797 856 882 926 atque
903 848 986 906 anilis

144 929 264 1004 putent!
306 927 383 995 Quid
404 934 447 985 est
462 927 552 1004 igitur
572 947 622 985 cur
638 927 684 984 his
700 927 866 986 hominibus
886 949 986 987 consu-

144 1009 206 1065 lens
230 1008 300 1065 deus
322 1008 441 1065 somniis
463 1013 581 1064 moneat
602 1027 658 1079 eos,
675 1009 725 1084 qui
748 1009 796 1066 illa
817 1029 876 1067 non
896 1009 985 1067 modo

145 1107 219 1159 cura,
235 1088 286 1145 sed
302 1107 338 1144 nc
355 1087 493 1144 memoria
514 1087 630 1164 quidem
651 1087 740 1163 digna
760 1088 883 1146 ducantl
924 1088 985 1146 Nec

145 1168 222 1224 enim
242 1168 373 1244 ignorare
394 1168 464 1224 deus
485 1174 581 1244 potest
602 1186 657 1244 qua
678 1175 774 1225 mente
796 1170 915 1245 quisque
938 1170 984 1240 sit,

144 1266 197 1304 nec
210 1248 317 1304 frustra
330 1267 363 1305 ac
377 1248 437 1304 sine
452 1266 535 1304 causa
546 1247 616 1324 quid
626 1247 720 1304 facere
731 1247 851 1324 dignum
863 1249 917 1305 deo
932 1257 984 1317 est,

145 1327 224 1404 quod
240 1327 374 1385 abhorret
391 1327 478 1384 etiam
495 1326 530 1383 ab
545 1327 671 1384 hominis
688 1328 856 1385 constantia
899 1328 944 1386 Ita
961 1328 985 1385 si

144 1407 277 1484 pleraque
292 1408 403 1464 somnia
416 1414 466 1464 aut
479 1407 648 1482 ignorantur
663 1414 713 1465 aut
726 1408 925 1484 negleguntur,
935 1415 986 1465 aut

144 1487 236 1544 nescit
249 1487 304 1544 hoc
319 1487 388 1544 deus
403 1494 452 1544 aut
465 1487 571 1544 frustra
586 1487 762 1544 somniorum
777 1487 985 1564 significatione

143 1567 242 1624 utitur.
285 1566 343 1624 Sed
356 1566 459 1624 horum
476 1574 610 1623 neutrum
627 1568 657 1623 in
672 1567 758 1624 deum
776 1567 860 1625 cadit.
903 1567 985 1624 Nihil

143 1647 233 1724 igitur
246 1666 263 1703 a
277 1646 332 1703 deo
349 1647 468 1704 somniis
482 1646 635 1723 significari
649 1647 800 1704 fatendum
814 1654 864 1705 est.
907 1647 984 1705 LXI.

146 1732 212 1784 126.
235 1726 311 1784 Illud
325 1727 411 1785 etiam
428 1727 550 1803 requiro,
563 1746 620 1797 cur,
633 1727 657 1783 si
672 1726 741 1784 dens
755 1727 811 1784 ista
825 1728 886 1784 visa
903 1727 986 1784 nobis

143 1806 315 1886 providendi
340 1825 423 1864 eausa
446 1807 504 1878 dat,
523 1825 582 1863 non
607 1806 790 1883 vigilantibus
814 1808 911 1884 potius
937 1807 986 1864 det

144 1905 231 1964 quam
252 1887 468 1944 dormientibus.
511 1886 576 1943 Sive
594 1887 671 1943 enim
689 1893 821 1944 externus
838 1894 868 1944 et
884 1887 986 1945 adven·

143 1967 229 2024 ticius
243 1966 341 2042 pulsus
355 1966 466 2023 animos
477 1966 682 2024 dormientium
693 1974 856 2025 commovet
867 1967 925 2024 sive
935 1986 987 2043 per

144 2067 174 2104 se
191 2047 246 2122 ipsi
263 2047 352 2103 animi
368 2054 521 2104 moventur
541 2047 599 2103 sive
617 2065 690 2123 quae
706 2067 790 2104 causa
806 2047 861 2105 alia
877 2054 921 2105 est
937 2067 987 2104 cur

144 2126 301 2183 secundum
317 2127 442 2203 quictem
456 2126 566 2202 aliquid
579 2126 682 2198 videre,
696 2127 801 2197 audire,
814 2147 897 2204 agere
911 2127 987 2184 vide-

144 2225 234 2277 amur,
249 2206 347 2263 eadem
370 2225 454 2264 causa
469 2205 654 2282 vigilantibus
672 2226 731 2264 esse
748 2214 877 2283 poterat:
900 2207 986 2283 idque

144 2287 169 2343 si
186 2295 284 2343 nostra
301 2305 385 2343 causa
401 2285 431 2342 di
449 2286 605 2343 secundum
623 2286 749 2362 quietem
765 2286 900 2357 facerent,
917 2287 987 2362 vigi-

144 2365 270 2423 lantibus
286 2366 364 2423 idem
380 2366 515 2436 facerent,
532 2366 698 2442 praesertim
720 2385 786 2422 cum
807 2364 987 2442 Chrysippus

145 2445 335 2503 Academicos
356 2445 489 2503 refellens
509 2445 652 2522 permulto
675 2445 793 2502 clariora
814 2451 844 2502 et
867 2447 988 2502 certiora

144 2545 205 2582 esse
228 2526 306 2583 dicat
329 2545 400 2602 quae
427 2525 611 2602 vigilantibus
632 2524 783 2582 videantur
805 2543 891 2601 quam
915 2545 987 2601 quae

145 2605 361 2663 somniantibus.
405 2605 471 2664 Fuit
485 2606 574 2682 igitur
587 2605 685 2662 divina
694 2604 882 2662 beneficentia
896 2604 988 2681 digni-

145 2703 186 2754 us,
199 2705 265 2742 cum
283 2685 463 2742 consulerent
476 2686 568 2756 nobis,
581 2684 699 2742 clariora
715 2685 775 2742 visa
789 2684 855 2741 dare
870 2685 988 2760 vigilan-

144 2763 222 2821 tibus
244 2784 329 2842 quam
351 2765 514 2822 obscuriora
531 2785 581 2842 per
602 2766 754 2822 somnium.
796 2763 882 2833 Quod
900 2783 988 2840 quon·

145 2845 202 2900 iam
220 2863 278 2901 non
295 2844 336 2915 fic,
350 2847 461 2901 somnia
478 2845 574 2902 divina
587 2845 715 2920 putanda
728 2863 786 2902 non
802 2851 876 2901 suut.
920 2845 986 2902 127.

146 2923 208 2980 Iam
229 2943 296 2981 vero
319 2925 388 3001 quid
410 2943 482 3001 opus
504 2930 547 2981 est
568 2925 736 2982 circuitione
754 2931 782 2982 et
800 2925 939 2994 anfractu,
955 2931 988 2981 ut

146 3004 183 3061 sit
204 3004 343 3061 utendum
365 3003 568 3081 interpretibus
589 3005 765 3060 somniorum
783 3005 880 3080 potius
902 3023 987 3080 quarn

146 3084 279 3141 derecto?
319 3082 407 3154 Deus,
424 3085 448 3141 si
467 3083 584 3160 quidem
601 3083 685 3141 nobis
706 3083 872 3141 consulebat
894 3083 987 3140 “Hoc

145 3164 244 3234 facito,
257 3163 322 3221 Hoc
339 3184 375 3222 ne
389 3164 491 3222 feceris
501 3163 518 3192 ”
534 3164 649 3236 diceret,
660 3163 748 3241 idque
764 3165 856 3223 visum
871 3163 988 3241 vigilan-
