2242 3436
151 117 183 164 88
373 112 424 160 DE
439 110 590 161 NATURA
606 110 768 161 DEORUM.

152 214 233 292 quasi
247 213 373 291 quodam
384 211 498 270 vinculo
512 211 688 270 circumdato
705 211 892 289 colligantur:
914 213 996 290 quod

151 295 222 352 facit
243 313 276 352 ea
297 300 406 364 natura,
426 311 497 370 quae
518 311 569 369 per
593 312 709 350 omnem
731 293 873 350 muudum
896 295 996 351 omnia

150 381 247 432 mente
269 382 298 432 et
314 373 424 430 ratione
445 371 598 429 conficiens
613 372 747 430 funditur
764 380 793 430 ct
810 372 846 429 ad
863 373 995 431 medium

151 455 227 532 rapit
243 461 273 512 et
289 453 431 511 convertit
447 458 580 510 extrema
625 458 690 511 116.
709 451 850 522 Quocirca
870 454 895 510 si
912 473 996 511 mun-

151 535 205 592 dus
218 534 355 612 globosus
370 539 413 591 est
427 532 464 589 ob
479 551 598 610 eamque
613 552 725 591 oausam
742 552 842 590 omnes
856 533 917 590 eius
931 552 997 610 par·

150 623 194 673 tes
214 614 343 691 undique
363 611 525 690 aequabiles
544 613 621 689 ipsae
638 631 690 690 per
710 632 740 670 se
760 619 846 690 atque
867 613 943 670 iuter
963 633 996 671 se

151 695 343 765 continentur,
362 693 527 770 contingere
548 693 623 750 idem
646 699 735 750 terrae
758 712 870 750 neeesse
891 700 941 764 est,
960 701 996 750 nt

151 774 286 832 omnibus
307 774 367 831 eius
386 772 517 851 partibus
537 773 568 829 in
588 772 716 830 medium
738 773 995 850 vergentibus—id

151 860 248 912 autem
264 854 392 912 medium
406 852 539 910 infimum
553 852 583 909 in
600 851 720 929 sphaera
736 853 893 910 est-nihil
907 853 996 910 inter-

151 940 267 1013 rumpat
281 953 338 1011 quo
355 933 519 990 labefactari
534 933 626 1009 possit
640 939 721 991 tanta
737 933 885 990 eontentio
902 933 996 1009 gravi-

151 1015 220 1073 tatis
240 1022 270 1072 et
289 1014 458 1091 ponderum,
504 1012 670 1090 Eademque
690 1013 801 1070 ratione
822 1033 907 1083 mare,
926 1032 994 1070 cum

152 1114 237 1171 supra
253 1101 358 1152 terram
375 1093 421 1163 sit,
433 1092 560 1150 medium
578 1099 674 1149 tamen
689 1100 781 1150 terrae
797 1092 892 1150 locum
910 1112 996 1170 expe-

117 1181 120 1189 *
151 1182 216 1232 tens
232 1173 421 1251 conglobatur
436 1172 563 1249 undique
580 1172 766 1250 aequabiliter
781 1191 874 1250 neque
891 1173 997 1230 redun-

152 1255 202 1312 dat
222 1273 359 1332 nmquam
380 1271 473 1330 nequo
494 1253 659 1310 effunditur.
710 1254 775 1311 117.
798 1253 875 1310 Huic
896 1260 995 1310 autern

152 1336 301 1392 continens
315 1341 365 1392 aer
374 1333 467 1391 fertur
477 1332 524 1390 ille
539 1333 655 1409 quidem
666 1332 781 1390 levitate
796 1332 934 1404 sublimia,
943 1333 995 1390 sed

151 1425 247 1473 tamen
258 1415 289 1471 in
300 1433 400 1472 omnes
410 1419 506 1489 partes
520 1431 549 1469 sc
560 1413 621 1489 ipse
632 1413 747 1470 fundit:
769 1413 866 1490 itaque
881 1420 911 1470 et
921 1413 995 1471 mari

152 1496 336 1553 continuatus
350 1500 379 1551 et
389 1493 504 1550 iunctus
518 1501 562 1550 est
572 1500 601 1549 et
612 1500 714 1550 natura
724 1494 815 1550 fertur
826 1493 862 1550 ad
873 1492 994 1564 eaelum,

152 1575 232 1633 cuius
249 1575 389 1632 tenuitate
407 1580 437 1630 et
450 1571 542 1630 calore
556 1579 732 1650 temperatus
746 1573 861 1631 vitalem
879 1581 909 1630 et
923 1573 996 1632 salu-

152 1663 243 1713 tarem
264 1655 397 1731 spiritum
418 1652 535 1729 praebet
556 1652 757 1710 animantibus.
804 1653 896 1722 Quem
918 1673 996 1712 com·

152 1735 236 1813 plexa
246 1753 358 1790 summa
368 1752 433 1811 pars
444 1732 522 1804 caeli,
531 1752 604 1810 quae
615 1733 740 1790 aetheria
750 1732 863 1805 dieitur,
871 1741 901 1792 et
910 1753 995 1791 snum

152 1815 257 1873 retinet
270 1813 401 1870 ardorem
415 1820 532 1870 tenuem
549 1820 578 1870 ct
593 1813 673 1870 nulla
689 1813 864 1871 admixtione
882 1832 997 1871 concre-

152 1904 215 1953 tum
233 1901 344 1952 etcum
361 1893 435 1951 aeris
452 1893 632 1952 extremitate
649 1893 841 1969 coniungitur.
884 1893 994 1952 XLVI.

153 1974 188 2032 In
202 1974 316 2033 aethere
330 1981 425 2031 autem
440 1981 516 2030 astra
526 1973 687 2044 volvuntur,
697 1993 768 2050 quae
783 1992 813 2031 se
827 1981 856 2032 et
866 1975 931 2030 nisu
943 1993 997 2032 sno

152 2055 270 2132 globata
290 2055 439 2111 continent
460 2061 490 2110 et
505 2053 601 2111 forma
616 2054 680 2130 ipsa
695 2053 843 2131 figuraque
864 2074 915 2110 sua
935 2074 997 2111 mo

153 2143 251 2194 menta
264 2141 441 2191 sustentant:
460 2141 526 2191 suut
536 2134 614 2190 enim
628 2134 760 2204 rotunda,
769 2133 873 2211 quibus
884 2135 996 2206 formis,

154 2225 186 2273 nt
202 2222 269 2272 ante
286 2215 390 2272 dixisse
407 2213 513 2285 videor,
529 2214 648 2270 minime
669 2214 766 2272 noceri
779 2220 883 2291 potest.
928 2218 997 2272 118.

153 2296 229 2354 Sunt
249 2302 346 2352 autem
367 2293 464 2351 stellae
484 2301 586 2350 natura
605 2293 771 2352 flammeae:
793 2295 927 2371 quocirca
942 2301 1000 2352 ter·

154 2395 208 2446 rae,
221 2375 316 2445 maris,
328 2392 466 2451 aquarum
481 2372 634 2450 vaporibus
651 2374 766 2431 aluntur
779 2374 824 2445 iis,
837 2374 887 2451 qui
903 2394 921 2431 a
937 2374 999 2432 sole

153 2475 188 2513 ex
199 2455 275 2531 agris
284 2453 437 2531 tepefactis
448 2458 478 2510 et
488 2471 522 2509 ex
534 2454 615 2529 aquis
629 2454 799 2524 excitantur,
809 2454 913 2531 quibus
923 2453 1000 2512 altae

153 2541 362 2610 renovataeque
378 2532 475 2590 stellae
497 2539 583 2609 atquc
604 2533 699 2590 omnis
719 2533 818 2591 aether
837 2533 1001 2592 refundunt

154 2614 253 2670 cadem
268 2619 297 2672 et
307 2631 420 2670 rursum
434 2611 552 2669 trahunt
563 2613 701 2685 indidem,
710 2613 784 2671 nihil
794 2620 828 2673 ut
838 2614 899 2672 fere
913 2615 1002 2672 inter·

154 2700 200 2749 orat
220 2699 271 2749 aut
290 2691 447 2749 admodum
468 2691 595 2764 paulum,
612 2694 690 2770 quod
709 2700 850 2752 astrorum
871 2695 949 2772 ignis
970 2702 1001 2752 et

154 2771 277 2829 aetheris
287 2770 404 2829 flamma
414 2773 566 2831 consumit.
602 2773 646 2830 Ex
658 2794 715 2852 quo
726 2781 896 2833 eventumm
906 2775 1001 2832 nostri

154 2858 259 2928 putant
280 2851 319 2923 id,
335 2852 372 2909 de
393 2871 450 2928 qno
472 2852 643 2912 Panaetium
664 2853 833 2913 addubitare
854 2853 1000 2920 dicebant,

155 2939 188 2990 ut
199 2933 236 2990 ad
247 2939 406 2990 extremum
421 2934 516 2990 omnis
529 2933 654 2990 mundus
665 2933 832 3010 ignesceret,
842 2953 907 2992 cum
919 2954 1003 2990 umo-

156 3033 186 3069 re
200 3020 371 3090 consumpto
383 3032 476 3089 neque
487 3021 562 3070 terra
572 3013 608 3069 ali
620 3021 717 3089 posset
728 3033 779 3072 nee
791 3021 930 3072 remcaret
940 3021 1001 3085 aer,

157 3092 238 3149 onius
252 3100 331 3150 ortus
346 3113 420 3171 aqua
434 3094 513 3152 omni
527 3093 665 3151 exhausta
679 3113 739 3152 esse
753 3114 811 3152 non
825 3102 941 3171 posset:
959 3097 1004 3154 ita

158 3172 279 3248 relinqui
294 3173 366 3230 nihil
380 3183 492 3249 praeter
505 3175 612 3250 ignem,
624 3193 642 3232 a
655 3194 713 3252 quo
727 3194 838 3234 rursum
853 3177 1004 3236 animante
