2242 3436
149 113 182 160 86
373 110 423 160 DE
439 111 589 162 NATURA
604 111 765 162 DEORUM.

149 222 203 271 tae.
238 193 380 270 Minorem
391 219 487 271 autem
498 209 742 290 septemtrionem
757 212 890 290 Cepheus
899 216 995 292 passis

148 292 253 371 palmis
266 311 283 348 a
296 299 377 369 tergo
389 293 579 370 subsequitur.

213 422 328 486 Namque
338 425 419 486 ipsum
433 423 466 471 ad
477 432 574 484 tergum
587 423 731 487 Cynosurae
742 424 846 472 uertitur
856 425 938 475 Arcti.

148 540 237 599 Hune
251 540 395 598 antecedit

214 651 327 700 Obscura
336 652 417 714 speeie
428 651 554 700 stellarum
566 650 700 715 Cassiepia.

213 717 288 766 Hauc
300 727 383 766 autem
391 717 480 765 illustri
490 725 603 765 versatur
614 731 716 780 empore
727 726 827 780 propter

213 781 382 842 Andromeda,
393 783 449 842 heu,
459 782 556 842 fugiens
569 793 696 844 aspectum
708 794 804 830 maesta
815 782 924 844 parentis

213 847 281 895 Huic
292 847 378 910 Equus
388 847 430 896 ille
441 848 524 895 iubam
537 848 650 910 quatiens
660 848 755 907 fulgore
766 848 877 908 micanti,

214 912 344 961 Summum
355 913 477 972 contingit
486 922 560 974 eaput
570 913 626 960 alvo
638 912 756 974 stellaque
766 913 871 973 iungens

212 976 271 1025 Una
282 985 350 1026 tenet
362 978 471 1040 duplices
483 978 607 1026 communi
619 977 711 1026 lumine
722 979 823 1038 formas,

212 1043 349 1091 Aeternum
362 1057 394 1091 ex
406 1044 478 1092 astris
489 1043 589 1106 capiens
601 1052 730 1106 conectere
742 1042 842 1094 nodum.

213 1107 281 1158 axin
293 1109 410 1157 contortis
421 1109 495 1158 Aries
507 1124 565 1157 eum
577 1109 692 1158 cornibus
704 1109 796 1170 haeret,

148 1242 233 1300 quem
249 1229 366 1300 propter

213 1343 305 1404 Pisces,
315 1358 418 1406 quornm
429 1342 492 1392 alter
502 1344 602 1406 paulum
613 1342 762 1406 praelabitur
772 1352 838 1405 ante,

160 1425 164 1432 ·
212 1410 246 1458 Et
257 1409 336 1470 magis
347 1409 472 1458 horriferis
484 1409 606 1472 aquilonis
618 1410 728 1470 tangitur
738 1410 812 1458 auris.

147 1527 254 1666 {¹5th
288 1533 353 1586 112.
370 1526 420 1585 Ad
433 1527 520 1605 pedes
535 1526 737 1586 Andromedae
752 1493 873 1587 Perseus
886 1528 991 1587 deseri-

168 1629 175 1665 1
193 1629 232 1679 ar,

177 1769 182 1782 ,
211 1729 290 1788 Quem
304 1744 401 1776 samma
411 1729 510 1789 regione
521 1729 644 1792 aquilonis
655 1730 756 1778 flamina
766 1729 873 1792 pulsant.

212 1795 289 1841 (iuius
300 1804 400 1856 propter
411 1795 506 1842 luerem
519 1810 598 1854 genas
611 1793 689 1856 [omni
702 1810 735 1843 ex
747 1804 817 1857 parte
829 1797 921 1844 locatus

211 1858 316 1920 Pnrvas]
329 1860 453 1920 Vergilias
466 1860 532 1908 tenni
545 1875 600 1908 cum
613 1860 668 1909 luce
679 1861 781 1909 ridebis.

212 1925 274 1973 luda
285 1925 360 1972 Fides
371 1927 452 1986 positu
464 1925 550 1973 leviter
561 1940 679 1974 conuersa
689 1926 792 1975 videtur.

211 1990 274 2038 Inde
286 1999 323 2038 est
334 1990 384 2038 ales
398 1991 460 2038 Avis
472 1990 524 2039 lato
535 1991 579 2039 sub
592 1991 700 2052 tegmine
711 1991 779 2040 caeli.

146 2106 242 2184 Capiti
257 2114 353 2165 autem
367 2107 443 2186 Equi
457 2109 589 2186 proxima
602 2116 645 2167 est
655 2108 777 2187 Aquarii
787 2109 886 2168 dextra
896 2117 988 2169 totus·

147 2207 202 2264 que
216 2187 350 2266 deinceps
364 2189 516 2266 Aquarius.

211 2309 276 2358 Tum
287 2309 397 2371 gelidum
410 2310 491 2359 ralido
502 2310 534 2360 de
546 2320 645 2373 pectore
657 2311 734 2372 frigas
745 2311 864 2360 anhelans

211 2375 320 2438 Corpore
331 2377 447 2425 semifero
458 2391 550 2437 magno
562 2375 725 2440 Capricornus
736 2377 762 2424 in
774 2377 840 2438 orbe,

212 2443 294 2502 Quem
305 2458 362 2489 curn
374 2452 492 2504 perpetuo
503 2441 602 2490 vestivit
614 2442 707 2490 lumine
718 2442 800 2500 'litam

212 2508 325 2557 Brumali
336 2507 438 2556 flectens
450 2515 596 2569 contorquet
608 2514 719 2569 tempora
730 2522 836 2555 currum.

145 2619 210 2671 113.
229 2613 287 2672 Hic
301 2619 397 2671 autem
412 2612 557 2689 aspicitur,

119 2747 121 2754 ’
209 2735 245 2783 Ut
257 2750 309 2783 sese
321 2734 454 2782 ostendens
466 2733 570 2792 emergit
582 2731 697 2794 Scorpios
708 2731 766 2791 alte,

209 2800 348 2847 Posteriora
359 2800 460 2846 trahens
471 2798 572 2860 plexum
584 2799 608 2844 ri
620 2798 728 2858 eorporis
740 2811 834 2856 arcum,

208 2864 287 2922 Quem
300 2874 399 2925 propter
410 2864 490 2910 nitens
502 2862 582 2924 pinnis
594 2862 746 2910 convolvitur
758 2863 826 2910 Ales.

208 2929 244 2973 At
255 2939 353 2990 propter
365 2943 391 2976 se
401 2928 494 2990 Aquila
504 2927 601 2976 ardenti
612 2942 669 2975 eum
681 2941 782 2989 corpere
794 2935 883 2990 portat.

145 3031 258 3090 Deinde
271 3019 441 3112 Delphinus

210 3150 310 3200 Exinde
321 3154 398 3203 Orion
409 3156 508 3219 obliquo
519 3171 620 3220 corpore
631 3156 721 3207 nitens.
