2220 3432
329 111 398 160 LlB.
412 111 458 172 ll.‚
469 111 547 161 C'AP.
562 112 690 172 vn-tx„
705 111 719 170 ς
738 115 822 163 17-23.
968 120 1000 166 55

156 213 260 290 spiritu
275 213 496 272 continerentur.
540 219 587 271 20.
605 213 701 292 Atque
716 215 785 273 haec
803 236 868 274 eum
886 218 1000 277 uberius

157 295 342 371 disputantur
362 301 392 352 ct
407 295 508 365 fusius,
525 301 557 351 ut
578 294 651 351 mihi
672 303 715 352 cst
731 296 762 351 in
783 297 880 354 animo
897 299 998 370 facere,

156 375 270 432 facilins
287 375 431 452 effugiunt
445 374 684 432 Academicorum
702 375 882 435 calumniam.
925 378 1000 436 Cum

156 463 262 526 autem,
280 465 313 512 ut
333 454 410 512 Zeno
435 454 552 526 solebat,
575 454 688 512 brevius
709 457 914 534 angustiusque
935 477 1001 515 con-

156 535 318 606 cluduntur,
334 542 397 593 tum
419 535 562 612 apertiora
582 543 649 592 snut
670 535 707 592 ad
723 536 998 613 reprehendendum.

156 615 231 672 Nam
247 623 280 673 ut
290 615 435 693 profluens
449 615 543 672 amnis
556 623 606 673 aut
617 614 664 672 vix
678 623 729 673 aut
739 616 818 674 nullo
829 617 926 688 modo,
934 637 1000 675 con-

155 696 233 754 clusa
246 704 343 753 autem
357 714 431 772 aqua
440 695 525 753 facile
536 695 785 772 corrumpitur,sic
800 697 938 755 orationis
948 697 998 756 flu·

154 776 234 833 mine
254 775 465 853 reprehensoris
486 774 616 833 convicia
632 775 788 849 diluuntur,
803 779 936 855 angustia
952 798 1000 836 au-

153 864 214 913 tem
236 856 385 913 conclusae
407 856 544 913 orationis
565 875 623 913 non
644 856 729 914 facile
750 876 780 914 se
800 858 863 935 ipsa
878 866 996 916 tutatur.

154 935 236 993 Haec
250 936 336 1007 enim,
349 955 421 1013 quae
438 935 596 994 dilatantur
609 955 627 992 a
639 936 732 1008 uobis,
744 936 821 995 Zeno
836 938 876 996 sic
890 957 999 1016 preme-

154 1015 220 1073 bat:

194 1095 278 1154 VIII.
322 1102 368 1154 21.
392 1096 409 1123 ‘⁴
419 1095 505 1165 Quod
525 1097 636 1154 ratione
660 1097 759 1169 utitur,
777 1097 808 1155 id
831 1098 934 1156 melius
955 1105 998 1156 est

154 1195 241 1252 qnam
265 1177 297 1234 id
322 1176 400 1253 quod
424 1177 535 1234 ratione
562 1196 622 1234 non
646 1178 745 1235 utitur.
794 1178 876 1236 Nihil
900 1186 996 1236 autem

152 1257 263 1314 mundo
280 1257 398 1314 melius:
420 1257 531 1314 ratione
547 1257 637 1334 igitur
653 1258 778 1315 mundus
795 1258 912 1316 utitur.”
955 1259 998 1316 Si-

152 1336 260 1394 militer
277 1336 350 1394 cffiei
366 1343 463 1414 potest
481 1337 640 1415 sapientem
657 1357 717 1394 esse
734 1338 884 1408 mundum,
899 1339 997 1395 simili-

152 1423 197 1473 ter
213 1417 338 1487 beatum,
355 1418 487 1475 similiter
507 1425 662 1476 aeternum.
706 1417 812 1476 Omnia
832 1417 909 1474 enim
928 1418 996 1476 haec

151 1496 271 1554 meliora
292 1505 359 1555 sunt
380 1517 466 1575 quam
489 1517 523 1555 ea
544 1517 615 1574 quae
638 1505 705 1554 sunt
725 1496 771 1554 his
792 1498 925 1568 carentia,
941 1517 994 1556 nec

152 1576 262 1634 mundo
278 1577 435 1654 quidquam
449 1577 565 1635 melius:
583 1597 617 1634 ex
633 1597 690 1654 qno
705 1577 826 1634 efficitur
840 1596 900 1634 esse
915 1596 997 1634 mun-

152 1656 222 1713 dum
237 1657 332 1715 deum.
369 1665 416 1715 22.
432 1657 570 1734 Idemque
584 1657 640 1714 hoc
654 1657 760 1715 modo:
780 1657 921 1715 “Nullius
935 1677 996 1715 sen·

152 1755 185 1793 su
200 1737 322 1795 carentis
336 1757 402 1815 pars
419 1737 514 1815 aliqua
526 1745 624 1814 potest
641 1757 701 1796 esse
716 1736 849 1796 sentiens.
892 1737 995 1796 Mundi

150 1823 248 1874 antem
263 1824 357 1894 partes
372 1818 527 1875 sentientes
541 1825 622 1875 sunt:
644 1818 806 1895 nou-igitur
820 1825 896 1876 caret
911 1839 995 1877 sensu

151 1896 304 1954 mundua’'
345 1897 446 1974 Pergit
466 1898 544 1954 idem
566 1907 595 1955 et
615 1905 698 1974 urget
719 1900 886 1976 angustius:
918 1899 935 1928 ‘⁶
945 1899 995 1957 Ni·

150 1976 218 2033 hil’'
239 1977 335 2054 iuquit
357 1979 463 2055 “quod
484 1978 572 2034 animi
594 1978 728 2056 quodque
749 1980 868 2036 rationis
889 1985 932 2036 est
949 1999 995 2037 ex·

150 2076 223 2132 pers,
234 2057 264 2114 id
275 2075 410 2134 generare
424 2077 458 2116 ex
474 2078 503 2114 se
517 2065 614 2134 potest
628 2059 803 2117 animantem
818 2067 995 2137 compotem·

150 2155 206 2214 que
217 2138 343 2196 rationis.
376 2138 502 2196 Mundus
513 2145 607 2196 autem
620 2146 737 2216 generat
747 2140 907 2196 animantes
918 2159 994 2196 com·

148 2224 290 2295 potesque
304 2219 431 2276 rationis,
467 2219 609 2276 Animans
623 2226 666 2276 est
677 2220 766 2296 igitur
778 2219 904 2277 mundus
918 2239 995 2276 eom-

149 2317 260 2375 posqne
272 2297 418 2356 rationis.”
452 2297 591 2375 ldemque
603 2298 798 2370 similitudine,
809 2306 842 2357 ut
853 2319 936 2376 saepe
950 2319 994 2356 so·

148 2377 196 2448 let,
209 2377 350 2436 rationem
365 2377 505 2436 conclusit
519 2378 575 2436 hoe
589 2379 696 2436 modo:
720 2379 777 2436 “Si
792 2399 827 2436 ex
842 2378 917 2436 oliva
933 2399 993 2437 mo-

149 2457 759 2530 dulatecanentestibiaenascerentur,nnm
768 2459 992 2536 dubitaresquin
1022 2481 1027 2493 ·

148 2537 255 2595 inesset
265 2538 295 2594 in
307 2538 383 2596 oliva
393 2538 517 2596 tibicinii
529 2539 668 2616 quaedam
681 2539 817 2597 sciential
852 2538 947 2606 Quint
969 2541 993 2597 si

147 2617 258 2694 platani
268 2617 398 2676 fidiculas
411 2619 520 2677 ferrent
534 2638 685 2676 numerose
699 2627 842 2690 sonantes
853 2618 928 2677 idem
942 2621 993 2692 sci-

147 2697 216 2755 licet
233 2717 361 2756 censeres
377 2699 409 2755 in
426 2699 549 2776 platanis
565 2699 658 2756 inesse
675 2699 822 2756 musicam.
866 2699 925 2756 Cur
941 2700 993 2776 igi-

146 2784 196 2834 tur
211 2780 339 2836 mundus
355 2797 414 2836 non
431 2779 561 2836 animans
578 2781 746 2856 sapiensque
763 2779 913 2851 iudicetur,
926 2799 992 2837 curn

147 2875 182 2916 ex
198 2878 227 2916 se
241 2869 372 2935 procreet
386 2859 546 2916 animantes
560 2866 646 2936 atque
660 2861 802 2937 sapientes
811 2859 838 2917 l’'

188 2937 241 2996 IX.
266 2945 312 2996 23,
329 2938 386 2996 Sed
401 2940 536 3016 quoniam
552 2940 634 3015 coepi
649 2960 729 2997 secus
743 2960 826 3016 agere
841 2947 926 3018 atque
940 2941 993 2998 ini·

147 3017 189 3075 tio
211 3019 522 3096 dixeram-negaram
544 3019 621 3076 enim
642 3019 716 3076 hanc
736 3021 859 3097 primam
880 3027 991 3096 partem

144 3117 230 3174 egere
245 3099 382 3169 oratione,
394 3099 473 3175 quod
489 3105 563 3155 esset
577 3099 711 3155 omnibus
725 3100 907 3176 perspicuum
923 3101 992 3157 deos

148 3187 346 3236 esse-tamen
362 3179 392 3236 id
403 3180 498 3254 ipsum
514 3177 672 3234 rationibus
683 3178 811 3254 physicis
825 3179 991 3237 confirmare
