2242 3436
298 133 712 196 ma.1.‚oa1>.xvn.-x1x.,
728 132 843 193 §ar-ao.
946 137 993 184 iso

151 254 203 312 per
213 234 414 292 furorem-ut
424 234 510 292 Bacis
520 234 668 307 Boeotius,
678 241 710 291 ut
719 234 904 312 Epimenides
915 235 992 307 Cres,

151 322 185 372 ut
199 314 310 392 Sibylla
319 315 484 392 Erythraea.
519 315 609 372 Cuius
619 315 731 392 generis
745 314 839 372 oracla
849 316 934 372 ctiam
946 315 992 372 ha-

152 394 246 452 benda
260 402 334 466 sunt,
346 414 405 452 non
420 414 460 466 ea,
474 414 545 472 quae
559 395 687 472 aequatis
701 394 825 452 sortibus
840 395 992 466 ducuntur,

151 475 203 532 sed
217 475 273 546 illa,
285 494 357 552 quae
371 475 511 533 instinctu
526 475 624 532 divino
638 474 801 552 adflatuque
815 475 991 533 funduntur:

151 555 206 612 etsi
223 555 286 631 ipsa
306 574 366 612 sors
387 555 598 612 contemnenda
613 574 672 612 non
689 563 741 627 cst,
757 555 782 612 si
797 562 827 613 et
843 556 994 613 auctorita-

150 641 212 692 tem
225 634 314 692 habet
326 635 485 707 vetustatis,
496 642 530 692 nt
546 635 599 692 hae
616 643 683 694 sunt
697 643 795 706 sertae,
806 655 876 712 quas
890 655 906 694 e
919 642 994 692 terra

151 714 244 772 editas
258 715 436 792 accepimus:
454 734 526 792 quae
540 722 635 772 tamen
648 715 750 774 ductae
765 717 838 773 utin
852 735 912 773 rem
927 722 993 792 apte

151 795 256 852 cadant
269 792 330 852 fieri
344 814 427 872 posse
441 795 526 852 credo
541 794 687 853 divinitus.
722 795 851 864 Quorum
862 795 993 852 omnium

150 875 329 952 interpretes
341 882 374 933 ut
387 875 566 951 grammatici
581 881 741 952 poetarum,
753 876 884 953 proxime
897 875 934 932 ad
949 894 994 932 co·
1045 915 1046 920 ι

150 974 224 1026 rum,
241 974 313 1032 quos
329 955 559 1031 interpretantur,
575 955 782 1013 divinationem
800 956 934 1013 videntur
950 975 994 1012 ac·

151 1034 259 1093 cedere.
303 1041 349 1093 35.
372 1034 452 1103 Quae
468 1042 512 1093 est
525 1035 614 1112 igitur
628 1036 683 1093 ista
699 1035 838 1093 calliditas
854 1055 899 1092 res
915 1042 994 1093 vetu-

151 1121 225 1172 state
246 1114 377 1172 robustas
398 1115 599 1173 calumniando
619 1115 688 1173 velle
707 1116 885 1191 perverteret
925 1114 992 1172 Non

150 1195 262 1271 reperio
279 1214 401 1254 cansam.
443 1195 527 1252 Latet
540 1196 661 1252 fortasse
676 1195 847 1253 obscuritate
864 1194 994 1252 involuta

151 1282 277 1332 naturae.
320 1275 387 1332 Non
405 1276 482 1333 enim
499 1295 545 1332 me
562 1275 632 1332 deus
646 1275 702 1332 ista
718 1275 796 1346 scire,
809 1273 859 1332 sed
872 1275 918 1331 his
932 1281 993 1332 tan-

151 1362 215 1411 tum
231 1354 320 1412 modo
336 1356 381 1414 uti
398 1355 496 1413 voluit.
538 1355 614 1414 Utar
628 1355 716 1431 igitur
731 1373 784 1412 nec
800 1354 926 1412 adducar
942 1362 992 1412 aut

150 1435 182 1492 in
196 1435 270 1492 extis
283 1441 376 1492 totam
386 1434 530 1492 Etruriam
542 1435 660 1492 delirare
674 1441 724 1492 aut
735 1432 864 1492 eamdem
875 1440 992 1510 gentem

150 1515 182 1571 in
198 1514 362 1592 fulguribus
378 1535 469 1574 errare
486 1522 536 1572 aut
552 1514 692 1572 fallaciter
707 1520 841 1591 portenta
857 1514 993 1590 interpre

150 1595 214 1666 tari,
226 1614 292 1652 cum
306 1601 397 1652 terrae
411 1615 495 1672 saepe
508 1595 649 1664 fremitus,
662 1614 745 1672 saepo
759 1594 896 1671 mugitus
908 1613 992 1671 saepe

150 1683 249 1732 motus
267 1675 359 1733 multa
379 1683 493 1733 nostrae
513 1676 554 1733 rei
577 1675 716 1753 publicae,
731 1674 823 1732 multa
839 1674 939 1732 ceteris
955 1674 993 1732 ci-

151 1755 289 1812 vitatibus
316 1755 415 1832 gravia
440 1763 470 1814 ct
494 1775 560 1813 vera
582 1755 783 1833 praedixerint.
827 1759 873 1812 36.
896 1753 992 1822 Quidt

151 1839 201 1912 qui
215 1835 357 1905 irridetur,
369 1841 467 1912 partus
483 1834 531 1893 hic
548 1836 641 1893 mulae
658 1854 762 1907 nonne,
775 1834 843 1912 quia
855 1835 933 1892 fetus
947 1854 993 1892 ex-

151 1915 226 1972 stitit
239 1915 269 1971 in
285 1915 433 1973 sterilitate
446 1923 572 1986 naturae,
584 1916 747 1992 praedictus
761 1922 804 1973 cst
818 1915 853 1972 ab
864 1915 993 1992 haruspi-

150 1995 232 2052 cibus
242 1995 416 2053 incredibilis
426 2005 525 2072 partus
535 1996 691 2054 malornml
726 1994 820 2063 Qnidl
853 1995 897 2054 Ti.
906 1995 992 2054 Grac-

149 2074 221 2132 chus
238 2075 271 2133 P.
282 2075 322 2146 E,
335 2076 384 2153 qui
400 2075 443 2132 bis
459 2076 559 2133 consul
575 2083 605 2134 et
621 2093 721 2134 censor
733 2075 799 2147 fuit,
811 2075 946 2152 idemque
962 2083 992 2134 et

150 2174 280 2213 summus
293 2163 427 2232 auguret
441 2156 484 2212 vir
497 2156 610 2232 sapiens
620 2156 746 2233 civisque
757 2163 912 2232 praestans,
923 2175 992 2214 non-

149 2255 194 2306 ne,
207 2243 239 2293 ut
255 2234 286 2293 Ο.
299 2234 444 2293 Gracchus
461 2234 536 2293 filius
553 2236 614 2294 cius
630 2235 768 2313 scriptum
786 2236 909 2312 reliquit,
922 2236 992 2294 dno-

149 2314 203 2372 bus
220 2314 361 2392 anguibus
378 2315 458 2372 domi
474 2315 688 2392 comprehensis
704 2315 867 2391 haruspices
888 2334 992 2373 convo-

149 2395 242 2453 cavitl
275 2394 339 2463 'Qui
356 2415 421 2453 cum
438 2395 661 2472 respondissent,
676 2395 700 2452 si
716 2414 824 2452 marem
841 2395 989 2468 emisisset,

149 2475 232 2532 uxori
249 2474 327 2532 brevi
345 2481 475 2552 tempore
496 2495 556 2533 esse
577 2474 775 2532 moriendum:
798 2475 822 2531 si
842 2475 990 2547 feminam,

149 2555 214 2631 ipsi,
225 2555 345 2632 aequius
361 2575 421 2613 esse
438 2556 549 2613 censuit
566 2575 595 2613 se
611 2561 752 2613 maturam
768 2561 903 2630 oppetere
917 2575 991 2612 mor-

148 2643 209 2692 tem
224 2653 309 2712 quam
320 2635 354 2693 P.
366 2635 498 2694 Africani
508 2634 597 2693 filiam
611 2634 833 2692 adolescentem:
851 2634 990 2692 feminam

148 2715 253 2786 emisit,
263 2715 325 2792 ipse
334 2715 432 2792 paucis
440 2722 508 2792 post
516 2714 618 2772 diebus
626 2722 669 2772 est
678 2721 816 2772 mortuus.
852 2712 935 2771 XIX.
952 2715 991 2771 Ir-

148 2793 292 2852 rideamus
306 2795 478 2871 haruspices,
488 2814 584 2865 vanos
592 2794 690 2852 futiles
705 2813 764 2852 esse
775 2794 911 2863 dicamus,
923 2813 992 2870 quo-

148 2893 270 2950 rumque
281 2874 460 2952 disciplinam
470 2879 499 2932 et
507 2875 734 2951 sapientissimus
743 2875 823 2932 viret
831 2880 949 2931 eventus
958 2894 990 2932 ac

148 2973 193 3011 res
210 2954 416 3030 comprobavit,
432 2962 657 3024 contemnamus,
669 2961 886 3012 contemnamus
903 2954 990 3011 etiam

148 3033 330 3110 Babylonem
342 3041 370 3092 ct
381 3054 438 3104 eoa,
449 3034 499 3111 qui
510 3053 525 3091 e
536 3035 663 3092 Caucaso
675 3034 744 3092 caeli
756 3035 837 3110 signa
847 3042 990 3090 servantes

148 3114 275 3170 numeris
296 3121 325 3172 et
344 3113 473 3171 motibus
494 3113 637 3171 stellarum
659 3132 756 3171 cursus
772 3119 989 3190 persequuntur.

148 3193 391 3265 Condemncmus,
408 3194 535 3268 inquam,
553 3193 607 3250 hos
623 3199 673 3250 aut
690 3193 827 3252 stultitiae
844 3200 894 3250 aut
915 3193 990 3250 vani·
