2224 3446
129 111 178 158 230
391 108 440 156 nu
456 106 705 157 DIVINATIONE.

129 229 195 267 cum
205 209 236 266 in
250 208 398 266 flectendis
412 207 618 284 promunturiis
629 215 779 265 ventorum
794 213 971 266 mutationes

128 289 267 346 maximas
289 307 373 365 saepe
396 288 536 345 sentiant:
557 287 628 346 haec
650 288 739 364 igitur
761 307 827 345 cunr
848 288 885 345 sit
905 295 970 345 tum

129 369 273 439 serenitas,
288 376 351 426 tum
372 367 549 445 perturbatio
570 368 649 439 caeli,
665 374 744 425 estne
765 387 899 425 sanorum
919 367 972 424 ho·

128 450 240 506 minum
251 448 305 506 hoc
317 449 353 504 ad
364 447 542 504 nascentium
557 455 636 504 ortus
647 448 788 524 pertinere
802 467 861 504 non
875 447 971 504 dicere

128 528 248 606 -quod
261 535 337 586 certe
354 547 412 584 non
426 527 567 603 pertinet:
590 527 661 584 illud
675 528 771 584 nescio
789 527 859 604 quid
872 534 970 597 tenue,

129 609 207 686 quod
224 608 322 665 sentiri
338 607 417 664 nullo
434 606 531 676 modo,
543 606 672 683 intellegi
688 614 785 664 autem
798 608 846 663 vix
863 613 970 683 potest,

129 708 200 765 quae
215 688 309 745 aluna
323 687 480 763 ceterisque
494 686 634 744 sideribus
648 687 717 744 caeli
728 687 899 763 temperatio
909 685 970 759 fiat,

128 768 221 826 dicere
242 767 278 824 ad
299 785 452 842 puerorum
474 774 553 823 ortus
574 767 734 843 pertineret
775 766 870 834 Quint
892 765 972 842 quod

127 867 186 904 non
208 846 379 923 intellegunt
399 847 541 904 seminum
558 847 626 918 vim,
641 865 713 925 quae
734 846 771 903 ad
791 846 971 923 gignendum

127 926 391 1004 procreandumque
405 926 562 1002 plurImum
576 927 676 998 valeat,
688 927 821 984 funditus
834 925 898 983 tolli
911 945 971 982 me-

128 1007 233 1064 diocris
249 1006 351 1064 erroris
368 1007 429 1063 estl
470 1005 632 1074 Quisenim
649 1025 708 1063 non
722 1007 801 1063 videt
818 1013 847 1062 et
860 1007 972 1062 formas

128 1093 157 1144 et
170 1105 264 1144 mores
278 1092 307 1143 et
318 1085 467 1162 plerosque
482 1094 573 1143 status
587 1106 619 1143 ac
633 1092 730 1143 motus
744 1085 877 1162 effingere
891 1104 908 1141 a
921 1105 972 1162 pa-

128 1166 255 1224 rentibus
269 1165 394 1223 liberosl
415 1166 494 1242 quod
510 1184 568 1223 non
586 1166 773 1242 contingeret,
787 1166 809 1222 si
824 1165 893 1222 haee
910 1184 970 1221 non

128 1247 171 1303 vis
185 1253 214 1304 et
229 1253 331 1303 natura
344 1245 525 1322 gignentium
540 1245 670 1317 efficeret,
681 1245 731 1303 sed
745 1245 915 1321 temperatio
930 1244 972 1301 lu-

128 1346 181 1384 nae
205 1326 331 1402 caelique
352 1325 519 1383 moderatio
570 1331 616 1382 95.
636 1324 733 1393 Quidt
762 1325 840 1402 quod
862 1343 919 1381 uno
941 1331 972 1381 et

128 1407 231 1464 eodem
245 1405 383 1482 temporis
397 1412 506 1482 puncto
522 1405 583 1462 nati
597 1405 749 1462 dissimiles
766 1412 795 1461 et
808 1411 924 1462 naturas
941 1412 971 1461 et

128 1487 202 1543 vitas
215 1493 245 1544 et
258 1505 339 1543 casus
349 1485 465 1556 habent,
472 1504 610 1562 parumne
622 1485 746 1542 declarat
756 1483 828 1542 nihil
839 1484 876 1541 ad
887 1503 972 1560 agen·

129 1566 195 1623 dam
207 1567 294 1623 vitam
309 1565 444 1622 nascendi
454 1573 569 1642 tempus
582 1565 743 1641 pertineret
763 1565 818 1620 nisi
829 1565 905 1620 forte
920 1583 971 1640 pu-

128 1654 223 1704 tamus
239 1646 384 1702 nemiuem
405 1645 506 1702 eodem
523 1652 653 1721 tempore
670 1644 733 1721 ipso
753 1651 781 1701 et
798 1651 970 1720 conceptum

129 1733 158 1782 et
180 1735 279 1782 natum
303 1744 361 1802 quo
383 1724 563 1781 Africanum.
606 1724 684 1781 Num
708 1725 772 1802 quis
794 1724 882 1800 Igitur
903 1723 971 1781 talis

128 1806 204 1862 fuitt

169 1884 276 1942 XLVI.
313 1889 359 1941 96.
378 1883 472 1952 Quid?
488 1883 596 1941 illudne
607 1883 727 1941 dubium
739 1890 782 1941 est
793 1883 862 1959 quin
876 1881 970 1954 multi,

129 1985 195 2022 cum
210 1965 251 2021 ita
267 1964 329 2021 nati
343 1972 444 2034 essent,
457 1973 490 2020 ut
501 1964 640 2040 quaedam
658 1970 758 2021 contra
773 1969 906 2020 naturam
923 1962 971 2019 de·

129 2051 246 2121 pravata
262 2042 408 2113 haberent,
420 2043 637 2101 restituerentur
657 2051 687 2101 et
707 2043 914 2119 corrigerentur
934 2042 971 2099 ab

129 2132 316 2194 naturarum
334 2141 363 2179 se
378 2122 440 2199 ipsa
456 2133 622 2193 revocasset,
635 2131 684 2180 aut
701 2131 761 2180 arte
778 2133 864 2199 atque
881 2122 971 2180 medi·

129 2205 201 2276 cina,
212 2210 253 2275 ut,
263 2221 384 2280 quorum
396 2202 509 2278 linguae
524 2203 563 2260 sic
578 2203 764 2274 inhaererent,
775 2209 808 2259 ut
818 2202 897 2279 loqui
911 2221 971 2258 non

129 2291 255 2361 possent,
270 2303 319 2341 eae
341 2282 473 2360 scalpello
494 2289 618 2340 resectae
638 2283 844 2340 liberarentur?
885 2281 971 2348 Multi

130 2365 216 2422 etiam
228 2371 344 2421 naturae
357 2363 458 2420 vitium
469 2363 657 2420 meditatione
668 2370 754 2440 atque
767 2361 971 2419 exercitatione

130 2444 312 2514 sustulerunt,
325 2450 358 2500 ut
371 2442 597 2501 Demosthenem
616 2442 714 2500 scribit
730 2441 893 2512 Phalereus,
904 2461 971 2497 cum

130 2543 191 2581 niro
208 2524 300 2580 dicere
315 2524 453 2599 nequiret,
467 2522 668 2580 exercitatione
682 2523 830 2579 fecissent
844 2521 972 2598 planissi-

130 2623 176 2660 me
191 2603 305 2660 diceret.
348 2601 433 2670 Quod
448 2603 471 2659 si
485 2602 555 2660 haec
570 2609 646 2659 astro
660 2602 826 2678 ingenerata
842 2607 871 2658 et
884 2600 972 2658 tradi-

130 2691 161 2740 ta
181 2689 282 2751 essent,
295 2681 373 2739 nulla
389 2701 483 2760 resca
498 2689 609 2739 mutare
624 2690 731 2758 posset.
774 2681 869 2749 Quint
891 2680 972 2736 dissi·

129 2761 264 2818 militudo
275 2760 404 2817 locorum
415 2780 510 2818 nonne
522 2761 673 2818 dissimiles
682 2760 833 2819 hominum
844 2779 972 2837 procrea-

129 2841 223 2897 tiones
234 2839 338 2896 habeti
359 2858 429 2915 quas
444 2841 559 2916 quidem
571 2860 732 2917 percurrere
747 2841 875 2898 oratione
886 2840 972 2897 facile

131 2926 182 2988 est,
196 2917 265 2994 quid
282 2918 356 2975 inter
372 2918 460 2976 Indos
483 2927 511 2976 et
528 2920 637 2991 Persas,
649 2919 810 2997 Aethiopas
832 2927 861 2977 ct
883 2919 972 2976 Suros

131 2997 246 3054 differat
256 2997 422 3074 corporibus
436 2999 547 3067 animis,
558 3007 591 3056 ut
601 3000 775 3057 incredibilis
786 2999 905 3056 varietas
916 3000 972 3057 dis-

132 3075 346 3154 similitudoque
364 3077 408 3135 sit.
452 3079 497 3136 97.
516 3078 560 3134 Ex
578 3098 634 3154 quo
649 3080 825 3156 intellegitur
839 3078 903 3156 plus
918 3087 972 3136 ter·

131 3174 226 3214 rarum
241 3156 312 3214 situs
326 3176 410 3231 quam
426 3158 509 3215 lunae
523 3163 616 3216 tactus
629 3158 666 3216 ad
680 3158 854 3217 nascendum
870 3157 970 3218 valere.
