2242 3436
11 3301 76 3384 h

121 111 168 156 120
341 105 390 154 DE
407 104 557 154 NATURA
572 103 734 153 DEORUM.

120 227 213 265 rerum
228 205 367 264 bonannn
382 213 411 262 et
425 205 563 262 malarum
578 212 607 262 et
620 224 673 262 nec
683 205 823 262 bonarum
837 224 889 262 nec
904 223 963 262 ma·

120 287 228 344 laruml
265 286 320 342 Cui
334 285 402 343 mali
416 284 489 342 nihil
503 292 612 342 estnec
627 303 687 341 esse
698 291 801 360 potest,
814 284 884 360 quid
894 283 962 342 huie

121 387 194 442 opus
211 372 254 422 est
271 366 382 423 delectu
397 364 538 422 bonorum
556 371 586 420 et
601 363 760 421 maloruml
782 364 851 440 quid
866 372 962 421 autem
1047 418 1049 420 .

120 446 250 502 rationel
271 445 341 521 quid
357 444 571 519 intellegentia?
597 443 700 520 quibus
721 443 830 501 utimur
846 442 883 500 ad
899 463 962 500 eam

121 545 189 596 rem,
208 532 241 582 ut
262 524 367 600 apertis
390 523 509 581 obscura
532 523 737 598 adsequamur:
759 530 789 578 at
810 522 962 580 obscurum

121 606 176 662 deo
191 603 261 661 nihil
276 609 372 680 potest
386 622 454 660 esse.
497 601 572 659 Nam
587 602 705 672 iustitia,
719 621 790 678 quae
805 621 888 658 snum
906 604 964 658 cui-

123 703 177 760 que
199 682 354 753 distribuit,
375 682 445 760 quid
467 682 592 758 pertinet
614 681 651 738 ad
673 681 761 739 deosl
801 681 963 738 Hominum

122 765 199 820 enim
214 763 333 819 societas
348 768 377 818 et
390 762 589 831 communitas,
600 767 634 818 ut
647 780 698 817 vos
709 760 813 831 dicitis,
823 760 964 817 iustitiam

122 842 288 919 procreavit.
330 841 532 917 Temperantia
548 847 643 897 autem
662 846 775 897 constat
791 859 825 896 ex
843 846 966 916 praeter·

122 921 272 978 mittendis
289 920 483 996 voluptatibus
500 920 636 996 eorporis,
649 920 694 976 eui
710 920 734 976 si
747 919 827 976 loeus
841 920 871 975 in
886 919 964 976 caelo
1071 956 1074 962 -

123 1007 174 1070 cst,
190 1007 233 1058 est
249 1001 335 1057 etiarn
354 999 557 1076 voluptatibus.
599 999 675 1056 Nam
692 999 778 1056 fortis
797 999 867 1056 deus
883 998 966 1055 intel·

123 1080 180 1156 legi
195 1080 244 1156 qui
258 1086 354 1155 potest
369 1080 397 1136 in
413 1079 511 1136 dolore
527 1098 562 1135 an
576 1079 607 1134 in
621 1079 718 1135 labore
733 1095 769 1135 an
784 1078 813 1135 in
828 1077 964 1155 periculo,

124 1179 246 1236 quorum
267 1160 353 1216 deum
371 1159 444 1216 nihil
461 1159 597 1234 attingit?
640 1163 685 1215 39.
709 1157 770 1214 Nec
785 1159 896 1214 ratione
913 1157 967 1233 ιξι-

123 1248 171 1296 ιιιι·
187 1247 315 1297 utentem
334 1257 385 1296 nec
403 1239 510 1296 virtute
528 1237 585 1294 nlla
601 1238 763 1315 praeditum
781 1237 866 1294 deum
884 1235 968 1293 intel-

124 1319 217 1395 legere
239 1320 287 1396 qni
305 1319 475 1394 possumus?
516 1317 577 1375 Nee
594 1336 661 1374 vero
679 1317 757 1392 vulgi
775 1324 860 1394 atque
877 1316 968 1392 impe·

124 1401 242 1456 ritorum
265 1399 407 1455 inscitiam
429 1397 574 1473 despicere
593 1415 720 1473 possum,
736 1415 801 1453 cum
823 1415 857 1452 ea
876 1395 968 1452 consi-

124 1480 201 1548 dero,
218 1497 289 1555 quae
306 1479 440 1535 dicuntur
457 1497 474 1534 a
490 1476 612 1534 Stoicis:
635 1483 702 1534 sunt
719 1476 795 1532 enim
812 1475 862 1532 illa
878 1475 969 1551 impe-

124 1560 261 1616 ritorum:
284 1559 390 1634 piscem
413 1556 479 1615 Suri
499 1562 677 1626 venerantur,
694 1574 778 1612 omne
795 1555 856 1612 fere
876 1573 968 1629 genus

125 1637 279 1695 bestiarum
307 1637 447 1714 Aegyptii
471 1642 714 1693 consecraverunt.
758 1634 819 1691 lam
844 1653 910 1690 vero
936 1634 967 1690 in

124 1717 243 1774 Graecia
260 1717 366 1773 multos
380 1716 487 1772 habent
504 1735 538 1772 ex
553 1715 720 1772 hominibus
736 1714 822 1771 deos:
844 1709 975 1770 Alaban-⁸

125 1797 194 1853 dum
218 1795 369 1865 Alabandi,
385 1795 504 1852 Tenedii
524 1795 662 1864 Tennem,
678 1794 878 1863 Leucotheam,
895 1812 968 1869 quae
1034 1834 1038 1841 -

125 1877 183 1932 fuit
199 1875 261 1946 Ιιιο,
274 1882 302 1932 et
320 1876 380 1932 eius
394 1874 597 1931 Palaemonem
612 1873 702 1930 filium
721 1880 824 1931 cuncta
839 1873 967 1942 Graecia,

126 1955 288 2024 Herculem,
301 1953 513 2029 Aesculapium,
527 1953 723 2029 Tyndaridas:
745 1953 900 2010 Romulum
918 1971 969 2008 no·

126 2036 177 2091 stri
193 2035 320 2111 aliosque
341 2033 509 2110 complures„
527 2052 599 2109 qnos
616 2033 696 2111 qnasi
713 2052 803 2090 novos
820 2039 850 2089 et
865 2031 970 2107 ascrip-

125 2115 209 2172 tieios
226 2115 301 2172 cives
317 2115 347 2170 in
365 2114 473 2171 eaelum
492 2121 622 2189 receptos
639 2119 750 2189 putant.
793 2110 876 2170 XVI.
919 2117 967 2168 40.

127 2195 206 2252 Haec
221 2195 310 2271 igitur·
322 2194 440 2251 indocti.
484 2192 562 2261 Quid
577 2211 627 2249 vos
641 2191 826 2268 philosoplril
847 2191 897 2267 qui
911 2209 970 2246 me-

126 2274 215 2332 liorat
255 2273 368 2332 Omitto
385 2274 449 2331 illa:
472 2279 539 2330 sunt
556 2272 633 2329 enirn
650 2271 800 2347 praeclara.
842 2270 887 2328 Sit
901 2289 970 2327 sane

127 2355 197 2412 deus
211 2354 270 2432 ipse
284 2355 417 2411 mundus.
460 2353 526 2410 Hoc
542 2352 626 2409 credo
641 2351 713 2407 illud
727 2370 787 2408 esse

211 2475 332 2524 sublimen
343 2474 459 2535 condens,
471 2487 543 2536 quem
556 2473 672 2520 invocant
684 2485 770 2519 omnes
782 2469 877 2518 Iovem.

127 2593 191 2662 Qua
208 2611 238 2650 re
259 2593 349 2668 igitur
365 2590 459 2668 plures
480 2589 663 2666 adiungimus
685 2587 773 2644 deosl
795 2593 902 2662 quanta
923 2605 971 2642 au-

127 2679 186 2730 tern
202 2679 244 2730 est
258 2691 357 2729 eorum
372 2671 544 2729 multitudo!
587 2668 658 2724 Mihi
675 2665 792 2744 quidem
807 2684 874 2722 sane
885 2665 970 2722 multi

128 2753 268 2809 videntur.
304 2750 436 2825 Singulas
447 2750 523 2806 enim
536 2748 629 2805 stellas
640 2765 773 2804 numeras
785 2745 854 2802 deos
865 2764 971 2820 eosque

129 2838 179 2887 aut
187 2831 333 2886 beluamm
344 2829 459 2885 nomine
469 2828 602 2904 appellas
614 2834 647 2884 ut
658 2827 789 2902 Capram,
802 2831 835 2882 ιιι
846 2823 970 2900 Nepam,

129 2916 163 2965 ut
184 2909 318 2977 Taurum,
335 2915 367 2963 ιιι
386 2907 518 2976 Leonem,
534 2913 585 2962 aut
606 2925 699 2962 rernm
722 2905 922 2974 inanimatum,
937 2910 972 2961 ut

131 2988 220 3062 Αιξο,
232 2993 265 3042 ut
279 2986 376 3056 Aram,
391 2993 424 3043 ut
438 2986 590 3042 Coronam.
633 2989 679 3041 41.
703 2984 759 3041 Sed
775 2991 808 3041 nt
820 2984 891 3042 haec
905 3002 972 3041 eon-

131 3067 275 3132 cedantur,
288 3065 395 3142 reliqua
409 3065 458 3141 qui
472 3065 588 3121 tandem
602 3083 660 3120 non
675 3064 763 3120 modo
780 3063 908 3134 concedi,
922 3063 973 3120 sed

133 3144 250 3212 omnino
265 3143 390 3220 intellegi
404 3145 542 3220 possuntt
574 3142 649 3200 Cum
663 3143 761 3219 fruges
775 3143 917 3213 Cererem,
932 3143 974 3202 vi·
