2224 3446
140 116 188 162 268
475 113 525 161 DE
541 113 645 162 FATO.

62 210 64 214 ’
139 217 191 275 bit.
233 215 319 284 Quod
343 216 419 272 enim
444 214 576 272 dieantur
600 214 782 272 adsensiones
804 214 865 271 fieri
887 215 981 272 causis

140 297 316 374 antepositis,
332 295 363 352 id
380 294 462 372 quale
483 295 521 352 sit
540 294 625 352 facile
646 314 663 350 a
683 314 713 351 sc
735 294 869 371 explicari
886 301 978 372 putat.

140 379 215 436 Nam
232 394 406 455 quamquam
422 375 553 432 adsensio
571 393 629 431 non
646 375 738 451 possit
754 373 815 432 fieri
831 375 887 431 nisi
904 394 981 432 eom-

139 466 218 516 mota
233 458 303 528 viso,
319 464 425 526 tamen,
441 474 507 512 cum
523 454 555 511 id
571 455 664 511 visum
681 453 844 532 proximam
865 474 980 514 causam

139 539 249 608 habeat,
270 556 329 593 non
353 534 549 612 principalem,
568 534 643 592 hanc
666 533 755 592 habet
776 535 926 607 rationem,
946 543 980 594 ut

138 618 317 695 Chrysippus
333 615 403 687 vult,
417 634 502 692 quam
520 614 631 672 dudum
648 614 782 686 diximus,
798 635 865 686 uon,
881 621 915 672 ut
930 615 981 673 illa

138 699 255 774 quidem
268 697 330 754 fieri
343 695 436 772 possit
450 694 528 752 nulla
541 695 570 752 vi
584 694 758 752 extrinsecus
769 695 980 753 excitata-ue-

137 797 213 836 cesse
228 785 271 834 est
285 776 362 834 cnim
373 775 572 833 adsensionem
586 775 647 832 viso
662 775 928 832 commoveri-sed
938 795 980 833 re-

136 858 257 914 vertitur
278 856 315 914 ad
337 856 500 932 cylindrum
521 862 550 912 et
573 854 610 911 ad
631 854 777 913 turbinem
798 874 890 926 suurn,
906 875 979 932 quae

136 937 245 994 moveri
262 937 387 1013 incipere
407 936 463 992 nisi
481 935 563 1011 pulsa
582 954 640 991 non
657 941 786 1011 possunt.
830 933 866 992 Id
882 943 979 992 autem

137 1036 203 1074 eum
223 1016 335 1087 accidit,
352 1024 452 1092 suapte
471 1023 580 1086 natura,
597 1015 675 1091 quod
692 1020 829 1092 superest,
845 1023 874 1072 et
890 1015 979 1092 cylin-

136 1097 220 1154 drum
235 1097 310 1153 volvi
325 1103 354 1154 et
367 1096 472 1152 versari
486 1095 630 1152 turbinem
644 1102 736 1174 putat.

176 1177 259 1234 XIX.
303 1181 349 1233 43.
371 1173 416 1234 Ut
432 1176 529 1252 igitur,
544 1176 647 1254 inquit,
664 1176 713 1252 qui
730 1175 870 1252 protrusit
890 1176 979 1252 cylin-

136 1257 229 1329 drum,
246 1257 328 1314 dedit
352 1257 378 1314 ei
402 1257 577 1333 principium
602 1255 749 1326 motioniS,
767 1255 977 1313 volubilitatem

136 1345 232 1395 antem
246 1357 305 1394 non
319 1336 408 1408 dedit,
421 1337 461 1394 sic
475 1337 569 1393 visum
585 1335 731 1393 obiectum
745 1335 892 1411 imprimet
905 1334 978 1393 illud

137 1417 253 1494 quidem
276 1424 305 1474 et
327 1417 407 1494 quasi
428 1416 553 1493 signabit
578 1417 609 1472 in
631 1415 727 1473 animo
745 1435 826 1472 snam
843 1416 977 1492 speciem,

136 1497 186 1554 scd
200 1497 331 1555 adsensio
346 1503 443 1554 nostra
457 1496 511 1554 erit
524 1496 554 1552 in
569 1502 720 1572 potestate,
733 1515 829 1573 eaque,
841 1515 925 1574 quem
940 1496 978 1553 ad

136 1577 256 1634 modum
277 1578 309 1634 in
331 1576 461 1653 cylindro
483 1576 593 1633 dictum
615 1583 666 1647 est,
687 1577 862 1634 extrinsecus
885 1575 977 1652 pulsa,

137 1657 215 1734 quod
236 1657 378 1734 reliquum
401 1663 452 1728 est,
468 1663 568 1733 suapte
590 1656 620 1712 vi
641 1663 670 1714 01
686 1663 789 1713 natura
804 1656 976 1714 movebitur.

136 1737 222 1805 Quod
236 1737 260 1794 si
270 1737 365 1815 aliqua
378 1757 422 1794 res
436 1735 593 1794 efficeretur
608 1736 669 1793 sine
683 1755 767 1794 causa
780 1736 977 1807 antecedente,

135 1816 241 1874 falsum
256 1825 329 1876 esset
344 1817 440 1874 omnia
450 1818 512 1873 fato
523 1816 601 1873 ficri:
619 1817 662 1890 sin
674 1816 816 1888 omnibus
828 1835 979 1893 quaecum-

137 1916 191 1974 que
205 1897 286 1969 fiunt,
296 1897 356 1954 vcri
367 1893 459 1954 simile
473 1903 517 1954 est
531 1915 644 1954 eausam
658 1896 833 1967 antecedere,
846 1896 916 1972 quid
930 1897 980 1953 ad-

135 1978 204 2034 ferri
218 1977 324 2054 peterit
341 1997 391 2034 cur
407 1996 465 2034 nou
483 1977 580 2033 omnia
596 1977 658 2034 tato
675 1976 737 2034 fieri
752 1976 904 2034 fatendum
921 1977 979 2034 sict

135 2057 224 2114 modo
246 2057 428 2133 intellegatur
450 2076 522 2134 quae
544 2057 582 2114 sit
604 2076 753 2114 causarum
774 2051 921 2113 distinctio
944 2075 979 2114 ac

136 2136 347 2194 dissimilitudo.
390 2141 437 2194 44.
460 2137 540 2194 Haec
561 2156 627 2194 cum
643 2136 685 2194 ita
705 2136 763 2192 sint
779 2155 796 2192 a
812 2135 979 2212 Chrysippo

136 2216 284 2292 explicata,
297 2217 321 2272 si
334 2216 384 2287 illi,
397 2216 446 2292 qui
460 2223 568 2293 negant
582 2216 764 2274 adsensiones
778 2217 839 2272 fato
853 2215 924 2286 fieri,
936 2217 980 2273 fa-

136 2305 249 2355 teantur
265 2304 361 2354 tamen
380 2315 426 2352 eas
444 2289 528 2374 [nou]
547 2296 608 2354 sine
624 2296 686 2353 viso
704 2295 888 2353 antecedente
905 2295 977 2367 fieri,

136 2377 191 2433 alia
206 2377 280 2434 ratio
297 2382 347 2434 est.
390 2375 448 2433 Sed
462 2376 485 2432 si
500 2377 661 2434 concedunt
675 2375 783 2433 anteire
796 2375 857 2432 visa
870 2394 922 2432 nec
937 2383 980 2432 ta·

135 2476 202 2514 men
215 2458 278 2514 fato
292 2456 353 2514 fieri
368 2456 558 2528 adsensiones,
569 2457 647 2533 quod
662 2456 793 2532 proxima
807 2455 856 2512 illa
869 2461 898 2512 et
912 2475 980 2512 con-

135 2537 230 2594 tinens
246 2556 331 2594 eausa
347 2555 406 2593 nou
420 2543 535 2593 moveat
548 2536 756 2606 adsensionem,
769 2535 834 2592 vide
848 2554 884 2591 ne
897 2534 977 2592 idem

135 2615 240 2674 dicant.
281 2616 382 2694 Neque
393 2616 470 2673 enim
479 2615 658 2692 Oyrysippus
667 2615 826 2673 concedens
834 2615 979 2672 adsensio-

135 2695 180 2752 nis
193 2696 355 2772 proximam
366 2703 395 2753 et
406 2695 601 2753 continentem
613 2715 727 2753 causam
741 2715 801 2752 esse
811 2695 842 2752 in
856 2695 917 2752 viso
929 2714 979 2770 po-

135 2775 220 2833 sitam
234 2795 297 2833 eam
311 2795 425 2833 causam
439 2775 476 2832 ad
486 2775 705 2834 adsentiendum
716 2775 902 2832 necessariam
916 2794 979 2832 esse

135 2854 281 2924 concedet,
292 2862 332 2928 ut,
344 2857 367 2913 si
377 2856 474 2912 omnia
482 2856 544 2912 fato
553 2855 632 2925 fiant,
644 2855 740 2912 omnia
749 2855 819 2912 fiant
830 2854 920 2912 causis
929 2874 978 2911 an-

88 3007 91 3014 ,
134 2933 332 2992 teeedentibus
353 2942 383 2992 et
403 2935 575 3006 necessariis,
590 2936 717 3011 itemque
737 2935 787 3006 illi,
803 2935 852 3011 qui
869 2934 904 2991 ab
921 2933 978 2992 hoe

135 3011 315 3083 dissentiunt,
324 3013 493 3071 coufitentes
501 3033 561 3071 nou
569 3014 820 3072 fieriadsensiones
830 3013 890 3071 sine
898 3033 979 3091 prae·

135 3090 265 3146 cursione
285 3093 419 3162 visorum,
436 3092 540 3163 dicent,
556 3095 580 3151 si
597 3094 695 3150 omnia
710 3095 773 3151 fato
794 3093 894 3152 fierent
915 3095 979 3152 eius

136 3167 224 3235 modi,
239 3175 272 3224 ut
288 3170 360 3226 nihil
376 3170 457 3227 fieret
472 3172 528 3228 nisi
542 3173 755 3248 praegressione
772 3193 880 3244 causae,
892 3174 979 3248 confi-
