2224 3446
120 119 167 165 let
380 112 430 160 DE
447 111 697 162 DIVINATIONE.

118 216 265 294 replicent
259 237 289 273 rs.
328 213 414 284 Quod
428 221 457 270 o
471 214 492 271 ir
445 214 601 271 tvident
591 213 723 291 t,quibus
738 212 875 271 naturalis
889 213 961 271 divi

118 307 167 354 nat
166 297 198 352 io
156 297 280 353 tdata
294 303 345 364 est,
325 295 419 352 t''ct
401 314 430 364 ιι,
441 292 545 385 quibus
561 312 659 350 cursus
672 312 767 350 rerum
782 293 961 350 observando

118 384 169 434 not
157 383 234 433 tatus
248 382 298 433 est.
334 373 391 442 Qui
401 374 455 430 etsi
468 393 566 431 causas
576 374 653 450 ipsas
666 392 725 430 non
739 379 859 430 cernunt
860 373 962 448 ,signa

118 463 215 512 tamen
230 473 375 512 causarum
394 460 423 510 et
437 460 520 510 notas
534 459 669 510 cernunt:
692 452 728 509 ad
743 471 813 529 quas
830 417 962 509 adhibita

117 535 257 592 memoria
267 541 296 590 ct
304 533 455 608 diligentia
463 551 497 589 ex
507 533 702 589 monumentis
714 532 891 608 superiorum
902 531 962 589 effi-

117 615 192 672 citur
201 633 234 672 ea
242 613 469 689 divinatio,quae
477 611 749 682 artificiosadicitur,
757 611 962 682 extorumful-

117 713 230 769 gutum,
249 698 426 750 ostentorum
448 691 652 768 signorumque
673 691 845 748 caelestium.
892 697 960 748 128.

118 773 185 830 Non
200 781 243 830 est
254 773 342 849 igitur
356 779 388 828 ut
399 771 561 828 mirandum
577 771 614 828 sit
628 790 661 828 oa
674 771 842 848 praesentiri
855 789 873 827 a
888 771 962 827 divi-

117 851 260 923 nantibus,
271 871 343 928 qnae
357 870 499 928 nusquam
513 851 578 908 sint.
612 850 686 908 Sunt
700 852 776 908 enirn
791 850 897 920 omnia,
909 851 962 907 scd

117 938 247 1008 ternpore
267 930 378 989 absunt.
421 930 518 1007 Atque
539 930 623 988 utin
645 929 801 988 semiuibns
821 930 864 986 vis
885 931 962 986 inest

117 1030 214 1068 eamm
228 1030 331 1081 rerum,
342 1031 414 1089 quae
431 1030 465 1068 ex
482 1011 518 1067 iis
531 1011 751 1087 progignuntur,
765 1010 805 1066 sie
820 1009 850 1065 in
867 1010 962 1066 causis

119 1091 251 1148 eonditae
268 1098 335 1148 sunt
348 1111 392 1148 res
406 1091 528 1160 futurae,
540 1109 610 1166 quas
626 1109 686 1146 esse
701 1089 813 1146 futuras
830 1097 879 1145 aut
894 1109 962 1145 con-

117 1170 205 1228 citata
226 1189 307 1228 mens
329 1178 379 1227 aut
401 1170 495 1227 solnta
515 1188 617 1227 somno
639 1169 730 1227 cernit
746 1175 797 1225 aut
815 1169 888 1225 ratio
910 1178 962 1226 aut

116 1250 280 1307 coniectura
293 1250 455 1326 praesentit.
488 1248 585 1326 Atque
600 1256 632 1306 ut
646 1249 675 1319 ii,
687 1249 736 1326 qui
751 1249 818 1306 solis
832 1255 862 1305 et
875 1248 961 1306 lunae

116 1330 347 1407 reliquorumque
369 1330 494 1387 siderum
515 1337 603 1400 ortus,
622 1328 720 1387 obitus
740 1335 893 1405 motusque
914 1347 962 1385 oo-

116 1416 251 1486 gnornnt,
274 1429 330 1486 qno
353 1409 479 1486 quidque
499 1415 629 1484 ternpore
650 1427 748 1466 eornm
769 1408 901 1465 futurum
922 1408 961 1465 sit

116 1490 208 1546 multo
223 1497 288 1547 ante
303 1489 479 1566 praedicunt,
491 1489 531 1545 sic
546 1489 595 1566 qui
609 1507 723 1546 cursum
737 1506 836 1544 rerum
845 1495 961 1545 evento-

116 1589 236 1646 rumque
251 1569 483 1646 consequentiam
495 1568 683 1626 diuturnitate
694 1573 866 1645 pertractata
879 1575 961 1624 nota-

116 1657 226 1720 verunt,
239 1656 288 1707 aut
302 1667 413 1725 semper
427 1654 485 1720 aut,
501 1648 525 1705 si
542 1648 572 1704 id
586 1646 700 1706 difficile
717 1654 768 1718 est,
780 1646 958 1724 plerumque,

117 1729 230 1806 quodsi
244 1747 280 1785 ue
294 1729 326 1785 id
340 1728 457 1805 quidem
471 1728 645 1799 conceditur,
656 1747 714 1784 non
729 1746 886 1804 numquam
901 1746 960 1784 cer-

115 1815 144 1865 te
160 1808 229 1886 quid
240 1809 370 1866 futurum
385 1809 422 1865 sit
433 1807 611 1884 intellegunt.
650 1806 745 1884 Atque
756 1807 825 1864 haec
840 1807 958 1884 quidem

116 1895 146 1945 et
160 1888 299 1965 quaedam
315 1888 399 1945 huius
414 1888 496 1945 modi
513 1894 682 1964 argumenta
698 1906 749 1945 eur
765 1887 803 1944 sit
816 1887 958 1944 diviuatio

116 1967 263 2024 ducuntur
276 1987 293 2024 a
306 1968 377 2025 fato.

157 2046 250 2106 LVII.
295 2053 359 2103 129.
379 2046 407 2103 A
424 2053 525 2104 natura
541 2053 637 2104 autem
655 2045 710 2103 alia
727 2045 867 2123 quaedam
883 2046 958 2103 ratio

116 2134 167 2198 cst,
179 2145 251 2204 qnae
265 2126 351 2184 docet
362 2134 468 2203 quanta
482 2127 520 2183 sit
530 2127 619 2183 animi
629 2126 673 2183 vis
687 2125 815 2183 seiuncta
828 2144 845 2181 a
859 2144 958 2202 corpo·

115 2208 155 2264 ris
169 2206 313 2264 sensibus:
339 2206 417 2283 quod
430 2206 554 2263 maxime
571 2205 715 2282 contingit
729 2212 778 2263 aut
792 2205 958 2262 dormienti-

115 2286 170 2344 bus
180 2294 229 2344 ant
239 2293 336 2344 mente
347 2286 492 2362 permotis.
523 2285 567 2344 Ut
577 2286 655 2342 enim
666 2286 783 2342 deorum
796 2285 885 2341 animi
896 2285 957 2341 sine

116 2368 213 2438 oculis,
225 2367 285 2424 sine
299 2366 422 2437 auribus,
433 2366 493 2423 sine
504 2365 603 2442 lingua
617 2365 743 2422 sentiunt
754 2365 829 2421 inter
842 2383 872 2422 se
887 2365 957 2441 quid

116 2447 236 2523 quisque
250 2448 362 2516 sentiat,
373 2465 407 2503 ex
423 2465 480 2522 quo
494 2443 527 2502 fit
541 2454 574 2502 ut
585 2445 724 2514 homiues,
735 2445 822 2502 etiam
837 2463 903 2501 cum
916 2450 957 2501 ta·

115 2527 171 2584 citi
183 2533 285 2602 optent
303 2526 373 2603 quid
390 2532 440 2582 aut
456 2532 586 2594 voveant,
599 2544 658 2581 non
680 2524 815 2581 dubitent
835 2524 905 2600 quin
926 2524 957 2580 di

115 2605 187 2663 illud
201 2606 363 2676 exaudiant,
375 2606 415 2662 sic
432 2605 522 2662 animi
535 2604 695 2674 hominum,
707 2623 774 2661 curn
790 2611 841 2660 aut
855 2622 957 2660 somno

116 2685 202 2742 soluti
216 2691 318 2742 vacant
334 2703 452 2760 corpore
469 2691 520 2741 aut
535 2691 631 2741 mente
648 2683 772 2760 permoti
787 2702 838 2759 per
855 2702 884 2740 se
901 2683 955 2759 ipsi

116 2762 198 2820 liberi
218 2763 330 2820 incitati
351 2770 510 2833 moventur,
529 2771 649 2821 cernunt
670 2782 711 2832 ea,
729 2781 801 2840 quae
821 2762 957 2839 permixti

116 2861 182 2898 cnm
196 2861 314 2918 corpore
329 2841 418 2898 animi
428 2841 523 2898 videre
537 2861 595 2898 non
610 2848 739 2919 possunt.
768 2847 842 2898 .130.
858 2842 957 2919 Atque

116 2919 189 2976 hanc
211 2921 327 2996 quidem
348 2920 488 2976 rationem
509 2929 626 2978 naturae
643 2921 758 2978 difficile
775 2929 819 2978 est
835 2921 958 2979 fortasse

116 2998 263 3055 traducere
277 2997 314 3054 ad
328 2997 359 3054 id
369 3016 459 3073 genus
473 2998 666 3069 divinationis,
677 3000 755 3077 qnod
770 3019 804 3057 ex
819 3008 879 3058 arte
893 3020 959 3076 pro-

116 3076 225 3133 fectum
241 3076 370 3146 dicimus,
383 3077 432 3134 scd
446 3084 543 3134 tamen
557 3079 588 3135 id
603 3098 716 3156 qnoque
733 3081 818 3136 rimat
820 3099 853 3136 ur
870 3099 958 3156 quan·

117 3160 180 3222 tum
193 3161 290 3228 potest
303 3154 484 3214 Posidonius
522 3156 591 3214 Esse
606 3159 722 3215 censet'
716 3178 744 3215 ιιι
759 3165 862 3216 natura
875 3158 958 3236 signa
