2242 3436
156 125 203 172 126
372 123 423 172 DE
442 122 593 173 NATURA
612 122 773 174 DEORUM.

155 224 244 294 riona,
256 223 358 282 tertius
372 223 511 294 Volcano,
524 223 585 282 Nili
596 223 664 295 filio,
675 225 755 282 cuins
769 224 869 282 urbem
880 225 1000 304 Aegyp

155 304 189 362 tii
204 303 305 362 volunt
319 323 379 362 esse
393 323 464 374 eam,
478 323 549 380 quae
563 303 726 380 Heliopolis
739 304 906 382 appellatur,
917 325 1000 383 quar-

154 391 202 442 tus
226 384 259 453 is,
282 403 366 461 quem
391 384 514 441 heroicis
537 384 716 460 temporibus
741 384 875 442 Acantho
899 385 999 444 Rhodi

154 465 298 541 peperisse
326 464 432 521 dieitur
445 508 452 520 .
465 508 472 520 .
485 507 492 520 .
505 463 600 540 Ialysi,
621 464 738 535 Camiri,
755 463 850 536 Lindi,
869 465 997 542 quintus,

155 546 205 620 qui
228 543 344 602 Colchis
365 544 458 601 fertur
478 544 599 601 Aeetam
620 551 649 600 ct
666 543 778 601 Circam
796 545 997 620 procreavisse.

154 623 254 682 XXII.
298 630 344 682 55.
367 623 491 682 Volcani
507 623 578 680 item
595 623 764 699 complures,
779 624 890 700 primus
909 624 999 683 Caelo

155 711 247 774 uatus,
263 722 297 760 ex
317 723 374 781 quo
395 711 425 762 et
442 703 571 761 Minerva
588 701 755 780 Apollinem
777 723 852 773 oum,
868 704 950 761 cuius
966 705 999 762 in

153 783 245 840 ¹tutela
258 783 389 841 Athenas
398 783 509 859 antiqui
520 782 648 840 historici
660 801 720 840 esse
730 781 889 853 voluerunt,
900 803 1000 841 secun·

108 867 110 870 '
155 862 209 919 dus
223 863 251 920 N
253 862 292 919 ilo
306 870 398 934 natus
409 862 528 932 Phthas,
538 869 572 919 ut
586 862 728 939 Aegyptii
744 862 898 940 appellant,
910 883 998 940 quem

155 941 304 999 custodem
322 961 381 1000 esse
398 943 527 1019 Aegypti
544 941 653 1013 volunt,
665 942 766 999 tertius
778 961 813 999 ex
827 943 913 1000 tertio
928 943 999 1002 Iove

154 1031 185 1078 et
205 1021 325 1092 Iunone,
344 1022 394 1098 qui
412 1021 515 1080 Lemni
536 1021 661 1079 fabricae
684 1021 808 1079 traditur
828 1023 997 1098 praefuisse,

155 1108 273 1177 quartus
287 1101 412 1159 Menalio
426 1109 518 1174 natus,
532 1102 581 1179 qui
595 1101 690 1159 tenuit
703 1101 809 1158 insulas
822 1110 941 1178 propter
955 1103 999 1160 Si·

155 1181 258 1252 ciliam,
271 1199 342 1259 quae
353 1181 509 1240 Volcaniae
523 1181 753 1240 nominabantur.
793 1187 838 1239 56.
862 1181 999 1240 Mercuri·
1018 1191 1021 1196 '

155 1281 189 1318 us
207 1281 281 1319 unus
303 1262 389 1318 Caelo
406 1268 496 1338 patre,
510 1261 568 1318 Die
584 1268 675 1318 matre
691 1269 784 1334 natus,
799 1261 880 1319 cuius
901 1262 1000 1320 obsce·

154 1342 220 1398 nius
234 1342 357 1400 excitata
370 1351 472 1400 natura
484 1341 615 1411 traditur,
628 1341 706 1418 quod
720 1349 837 1419 aspectu
851 1341 1000 1420 Proserpi·

154 1441 208 1479 nae
225 1428 387 1479 commotus
404 1421 449 1492 sit,
465 1420 536 1479 alter
550 1421 682 1478 Valentis
699 1428 728 1478 et
745 1421 898 1478 Coronidis
911 1421 996 1494 filius,

154 1502 179 1558 is
202 1503 250 1578 qui
274 1501 327 1559 suh
348 1501 432 1559 terris
452 1500 574 1558 habetur
593 1501 670 1558 idem
687 1499 879 1576 Trophonius,
895 1502 998 1558 tertius

155 1580 223 1638 Iove
239 1582 325 1639 tertio
342 1589 426 1640 natus
443 1588 473 1638 et
489 1580 573 1650 Maia,
589 1599 623 1638 cx
639 1598 696 1657 quo
712 1587 741 1636 et
755 1579 901 1657 Penelopa
916 1580 999 1639 Pana

154 1670 255 1719 natum
269 1662 375 1731 ferunt,
388 1668 505 1738 quartus
519 1659 587 1718 Nilo
601 1667 690 1736 patre,
701 1679 786 1737 quem
798 1660 939 1737 Aegyptii
951 1681 999 1719 ne-

154 1741 200 1798 fas
217 1740 324 1799 habent
340 1740 497 1810 nominare,
513 1740 639 1817 quintus,
652 1759 737 1815 quem
754 1739 853 1797 colunt
869 1740 999 1798 Phenea-

154 1829 209 1890 tae,
225 1821 275 1896 qui
291 1820 405 1895 Argum
422 1819 528 1876 dicitur
544 1820 721 1877 interemisse
742 1819 780 1877 ob
797 1839 916 1896 eamque
933 1840 999 1878 cau-

155 1919 216 1956 sam
232 1900 400 1976 Aegyptum
419 1899 581 1976 profugisse
598 1906 683 1976 atque
700 1899 855 1975 Aegyptiis
871 1899 948 1976 leges
967 1909 998 1958 et

154 1979 263 2037 litteras
276 1978 435 2036 tradidisse.
477 1978 565 2036 Hune
579 1978 720 2054 Aegyptii
731 1978 829 2036 Thoth
841 1978 996 2055 appellant,

154 2059 313 2135 eodemque
329 2058 447 2114 nomine
463 2058 531 2114 anni
545 2058 656 2134 primns
669 2058 775 2116 mensis
792 2059 868 2134 apud
883 2078 932 2116 cos
948 2080 999 2116 vo-

154 2146 242 2195 catur.
286 2137 331 2194 57.
354 2136 591 2214 Aesculapiorum
607 2138 718 2214 primus
736 2137 890 2214 Apollinis,
909 2157 996 2215 quem

153 2216 282 2275 Arcades
301 2217 408 2285 colunt,
424 2217 474 2294 qui
496 2216 645 2293 specillum
667 2217 809 2275 iuvenisse
829 2218 997 2295 primusque

154 2295 257 2354 vulnus
267 2297 372 2354 dicitur
387 2296 565 2374 obligavisse,
578 2297 719 2355 secundus
733 2297 851 2354 secundi
861 2296 996 2355 Mercurii

154 2377 259 2434 frater:
286 2376 311 2434 is
335 2377 456 2436 fulmine
478 2396 628 2454 percussus
649 2377 755 2434 dieitur
776 2377 912 2433 humatus
934 2396 996 2434 esse

154 2456 320 2534 Cynosuris,
337 2458 439 2514 tertius
460 2457 580 2535 Arsippi
602 2464 632 2514 et
650 2456 798 2527 Arsinoae,
814 2456 865 2532 qui
884 2457 996 2532 primus

154 2537 354 2613 purgationem
369 2536 424 2594 alvi
435 2536 586 2614 dentisque
600 2535 784 2604 evulsionem,
794 2543 827 2592 ut
837 2535 942 2602 ferunt,
952 2536 996 2593 in·

155 2618 241 2686 venit,
259 2616 340 2673 cuius
357 2617 387 2672 in
407 2616 533 2673 Arcadia
551 2635 609 2673 non
628 2616 714 2693 longe
734 2634 752 2671 a
771 2614 858 2672 Lusio
875 2614 995 2672 flumine

155 2695 315 2770 sepulcrum
335 2702 364 2752 et
382 2695 462 2753 lucus
479 2696 648 2753 ostenditur.
686 2693 801 2752 XXIII.
823 2694 995 2771 Apollinum

155 2773 370 2848 antiquissimus
389 2775 421 2844 is,
437 2793 521 2850 quem
545 2775 631 2850 paulo
652 2782 718 2832 ante
739 2773 871 2832 Volcano
892 2781 994 2831 natum

155 2870 216 2908 esse
233 2850 293 2906 dixi
307 2853 455 2909 custodem
469 2852 658 2925 Athenarum,
670 2854 742 2911 alter
755 2852 929 2930 Corybantis
942 2853 997 2911 fili·

155 2948 198 2998 us,
210 2941 294 2985 natus
307 2931 337 2986 in
351 2931 444 3001 Creta,
456 2932 536 2988 euius
551 2933 586 2991 de
600 2933 649 2990 illa
661 2933 754 2990 insula
768 2952 834 2990 cum
848 2932 917 2990 Iove
930 2933 996 3010 ipso

156 3014 299 3064 certamen
316 3009 404 3067 fuisse
421 3011 551 3082 traditur,
563 3013 664 3069 tertius
678 3011 746 3068 Iove
761 3013 848 3070 tertio
864 3018 949 3070 natus
965 3019 997 3070 et

156 3085 274 3155 Latona,
286 3106 370 3163 quem
387 3109 421 3146 ex
438 3089 635 3167 Hyperboreis
650 3090 782 3167 Delphos
798 3091 896 3149 ferunt
913 3092 997 3150 adve-

156 3164 239 3234 nisse,
256 3174 372 3240 quartus
386 3169 416 3225 in
431 3169 563 3239 Arcadia,
579 3189 663 3245 quem
679 3171 804 3228 Arcades
819 3171 995 3229 Nomionem
1105 3197 1106 3210 ¹
