2220 3432
127 93 159 138 Gt
352 88 402 136 DE
419 89 568 138 NATURA
584 89 744 139 DEORUM.

128 191 177 268 qui
189 189 285 252 κύκλος
296 188 402 246 Graece
414 189 526 260 dicitur,
536 188 581 246 his
592 189 703 247 duabus
713 189 815 248 formis
826 190 970 268 contingit

128 271 195 327 solis
212 277 245 327 ut
259 288 359 326 omnes
376 288 471 326 earum
487 276 581 347 partes
599 270 656 326 sint
670 270 745 327 inter
762 289 792 327 se
809 270 970 329 simillimae

128 371 145 408 a
161 351 314 426 medioque
328 356 441 406 tantum
460 349 535 406 absit
549 356 706 406 extremum
724 343 876 427 [quantum
891 351 970 408 idem

127 451 144 486 a
160 427 296 506 summo],
310 449 366 505 quo
384 428 455 486 nihil
473 428 533 486 fieri
547 436 644 505 potest
660 430 762 505 aptius.
805 435 852 488 48.
871 430 928 488 Sed
946 432 971 488 si

127 510 197 568 haec
211 529 270 568 non
281 509 393 580 videtis,
404 509 472 586 quia
485 528 642 585 numquam
657 509 802 567 eruditum
814 509 894 567 illum
909 511 972 587 pul-

127 609 222 648 verem
244 589 388 665 attigistis,
405 609 441 646 ne
461 589 517 646 hoc
539 589 656 666 quidem
676 589 790 666 physici
805 590 971 667 intellegere

127 671 271 747 potuistiS,
281 669 355 726 hauc
369 667 601 745 aequabilitatem
615 676 711 726 motus
722 670 972 747 constantiamque

128 750 262 806 ordinum
277 750 307 805 in
322 748 377 805 alia
387 748 478 824 figura
494 769 552 806 non
567 749 695 826 potuisse
709 750 831 807 servarit
869 749 971 827 Itaque

128 831 200 886 nihil
214 836 311 906 potest
325 848 385 886 esse
402 829 546 886 indoctius
564 848 650 905 quam
668 829 746 906 quod
760 849 778 886 a
791 828 872 887 vobis
889 829 972 886 adfir-

127 909 200 966 mari
211 909 291 967 solet.
326 908 387 966 Nec
398 910 474 966 enim
487 909 562 966 hunc
572 909 666 986 ipsum
678 908 817 966 mundum
828 929 880 986 pro
892 919 970 968 certo

128 988 285 1046 rotundum
300 1007 360 1046 esse
371 989 480 1045 dicitis:
498 1008 564 1046 nani
576 1008 661 1066 posse
671 989 732 1046 ficri
743 997 776 1046 ut
787 990 825 1047 sit
835 990 890 1046 alia
900 990 971 1066 figu-

127 1089 166 1139 ra,
177 1067 455 1145 innumerabilesque
472 1069 596 1127 mundos
613 1068 684 1126 alios
701 1069 819 1126 aliamm
837 1089 896 1126 esse
913 1071 971 1126 for·

127 1168 247 1206 marum.
291 1153 337 1206 49.
356 1147 443 1219 Quae,
455 1149 478 1206 si
490 1148 533 1205 bis
547 1149 616 1206 bina
630 1155 701 1226 quot
715 1156 809 1206 essent
824 1149 971 1206 didicisset

127 1228 276 1306 Epicurus,
287 1235 363 1286 certe
374 1248 431 1285 non
444 1228 558 1286 diceret.
595 1228 652 1286 Sed
664 1229 731 1286 dum
745 1229 841 1306 palato
852 1229 920 1307 quid
933 1231 972 1286 sit

128 1309 272 1385 optimum
283 1309 400 1379 iudicat,
414 1309 430 1335 “
440 1308 510 1365 caeli
520 1308 676 1386 palatum‚”
688 1316 721 1366 ut
731 1311 772 1366 ait
782 1309 900 1380 Ennius,
911 1329 971 1366 non

128 1389 263 1466 suspexit.
302 1387 386 1447 XIX.
403 1388 478 1446 Nam
493 1407 557 1446 cum
573 1388 631 1446 duo
646 1389 704 1446 sint
717 1409 822 1465 genera
836 1389 969 1461 siderum,

129 1488 250 1546 quorum
266 1469 386 1526 altorum
402 1469 501 1545 spatiis
512 1468 740 1526 immutabilibus
755 1469 790 1526 ab
802 1475 868 1526 ortu
878 1469 915 1526 ad
927 1489 973 1526 oc·

128 1569 225 1606 casum
242 1568 406 1606 commeans
422 1549 531 1606 nullum
553 1568 691 1626 umquam
713 1568 810 1606 cursus
827 1549 871 1606 sui
888 1548 973 1607 vesti-

128 1630 209 1706 gium
220 1628 355 1700 inflectat,
366 1629 486 1686 alterum
497 1636 592 1686 autem
608 1628 758 1686 continuas
772 1629 972 1687 conversiones

85 1710 88 1718 '
129 1710 200 1766 duas
214 1709 316 1766 iisdem
333 1709 432 1785 spatiis
447 1709 631 1786 cursibusque
646 1708 786 1780 conficiat,
799 1729 834 1766 ex
850 1716 972 1786 utraque

128 1808 158 1846 re
180 1795 209 1846 et
225 1789 327 1845 mundi
342 1788 513 1859 'volubilitas
530 1808 601 1866 quae
622 1788 679 1846 nisi
695 1789 723 1845 iu
742 1789 861 1867 globosa
877 1789 973 1846 forma

129 1887 189 1926 esse
203 1887 263 1924 non
276 1876 381 1944 posset,
394 1875 423 1925 et
437 1868 581 1926 stellarum
595 1869 712 1927 rotundi
727 1869 852 1927 ambitus
867 1889 974 1946 cogno·

129 1955 254 2006 scantur.
297 1947 468 2025 Primusque
485 1949 536 2020 sol,
549 1949 598 2026 qui
615 1956 757 2006 astrorum
774 1957 854 2007 tenet
867 1951 974 2026 princi-

128 2035 238 2104 patum,
248 2028 289 2084 ita
305 2035 441 2099 movetur,
451 2035 492 2097 ut,
503 2047 569 2086 cum
580 2036 668 2086 terras
679 2028 757 2106 larga
770 2030 833 2104 luce
848 2030 974 2107 comple-

128 2109 209 2179 verit,
225 2107 339 2166 easdem
356 2109 444 2166 modo
461 2108 515 2179 his,
530 2109 618 2166 modo
635 2109 691 2167 illis
708 2110 888 2186 expertibus
905 2129 974 2186 opa-

128 2197 182 2244 cet.
225 2187 292 2264 Ipsa
314 2189 390 2246 enim
413 2188 514 2245 umbra
531 2195 621 2247 terrae
638 2189 691 2247 soli
709 2189 835 2248 officiens
855 2198 972 2248 noctem

129 2267 223 2325 efficit.
275 2268 489 2325 Nocturnorum
510 2276 605 2326 autem
627 2271 786 2346 spatiorum
807 2271 904 2332 eadem
929 2279 974 2328 est

129 2346 314 2424 aequabilitas
335 2367 407 2424 quae
427 2349 603 2420 diurnorum,
620 2350 804 2428 eiusdemque
825 2351 892 2408 solis
907 2358 973 2408 tum

129 2446 256 2484 accessus
278 2429 393 2498 modici,
410 2436 472 2485 tum
495 2426 620 2486 recessus
643 2437 672 2487 et
688 2431 805 2507 frigoris
821 2438 851 2490 et
871 2431 974 2488 caloris

128 2507 249 2564 modum
270 2515 449 2585 temperant:
471 2509 607 2566 circuitus
628 2511 705 2567 enim
726 2511 794 2568 solis
816 2511 928 2568 orbium
951 2531 973 2568 v

129 2595 158 2644 et
173 2607 211 2644 nx
226 2594 255 2644 et
270 2607 335 2657 coo,
346 2595 447 2664 quarta
459 2589 519 2646 fere
534 2590 592 2647 diei
605 2597 687 2667 parte
701 2591 800 2648 addita
814 2592 974 2649 couversio-

129 2687 194 2723 nem
210 2666 366 2724 conficiunt
380 2687 513 2740 annuam,
525 2668 674 2727 inflectens
690 2677 786 2727 autern
801 2670 843 2727 sol
857 2689 973 2728 cursum

129 2754 192 2802 tum
207 2747 244 2803 ad
258 2754 366 2823 septem
382 2748 498 2819 triones
510 2755 572 2805 tum
591 2750 627 2806 ad
641 2749 790 2808 meridiem
807 2757 928 2808 aestates
943 2759 974 2808 et

129 2823 239 2882 hiemes
259 2826 353 2897 efficit,
370 2834 400 2884 et
416 2847 449 2884 ea
469 2829 527 2885 duo
548 2837 687 2906 tempora,
706 2849 829 2906 quorum
850 2830 974 2888 alterum

130 2903 219 2961 hiemi
234 2908 391 2964 senescenti
402 2907 569 2966 adiunctum
585 2909 766 2980 est,alte1um
781 2911 889 2968 aest-ati.
926 2909 974 2968 Ita

132 3001 166 3038 ex
183 2991 318 3059 quattuor
334 2992 497 3062 temporum
518 2989 726 3046 mutationibus
748 2991 884 3061 omnium,
898 3009 974 3067 quae

131 3067 207 3118 terra
222 3065 350 3141 marique
366 3067 532 3142 gignuntur,
544 3068 628 3125 initia
644 3089 800 3147 causaeque
817 3071 972 3129 ducuntur.

134 3146 179 3196 50.
199 3140 259 3197 Iam
282 3144 349 3200 solis
366 3165 475 3204 annuos
496 3166 593 3204 cursus
615 3150 713 3223 spatiis
734 3152 887 3209 menstruis
903 3151 974 3209 luna
