2242 3436
267 97 336 144 uic.
353 96 717 158 11.,CAP.er‚-Lxr1.,§
736 100 857 147 rra-ras.
938 101 984 147 101

145 197 308 274 caloresque
322 198 468 273 pellamus,
509 204 574 256 152.
593 198 715 274 Magnos
728 217 795 256 vero
810 217 877 255 usus
891 198 985 255 adfert

146 277 182 333 ad
199 277 312 353 navigia
328 278 467 348 facienda,
481 297 602 354 quorum
620 278 748 335 cursibus
765 278 986 354 suppeditantur

146 376 245 413 omnes
260 356 386 433 undique
403 358 440 414 ad
455 358 542 415 vitain
560 358 667 434 copiae,
681 376 806 434 quasque
823 377 867 414 res
881 358 985 414 violen⁴

145 437 269 492 tissirnas
284 445 384 493 natura
397 439 505 513 genuit,
516 456 613 494 earum
623 438 850 494 moderationem
865 457 917 494 nos
932 437 986 494 soli

145 515 291 585 habemus,
304 517 389 573 maris
406 525 492 594 atque
506 525 655 575 ventorum
673 524 791 594 propter
806 518 985 574 nauticarum

145 615 239 651 rerum
251 597 398 653 scientiam
409 597 596 674 plurimisque
606 598 757 654 maritimis
768 597 852 654 rebus
862 596 986 654 fruimur

145 681 231 750 atquc
248 676 363 732 utimur.
405 676 594 734 Terrenorum
608 677 678 734 item
693 677 911 734 commodorum
927 695 985 732 orn-

145 755 191 810 nis
205 755 288 810 estin
299 755 416 812 homine
428 755 599 813 dominatus.
635 756 697 813 Nos
711 757 827 832 campis,
838 776 891 813 nos
906 775 985 812 mon·

145 834 223 890 tibus
233 834 364 906 fruimur,
375 835 465 892 nostri
476 842 543 892 sunt
553 854 659 906 amnes,
668 837 758 893 nostri
769 836 853 907 lacus,
864 855 917 892 nos
927 836 986 892 fru-

145 933 196 990 ges
210 914 337 983 serimus,
349 935 402 971 nos
417 914 538 986 arbores,
550 933 604 972 nos
618 935 755 992 aquarum
770 915 985 973 inductionibus

145 993 228 1050 torris
239 993 446 1051 fecunditatem
457 994 566 1065 damus,
577 1014 630 1052 nos
641 994 759 1052 fiumina
773 1015 908 1064 arcemus,
919 996 985 1052 diri·

144 1073 249 1150 gimus,
262 1075 423 1144 avertimus,
435 1075 540 1131 nostris
557 1074 681 1151 denique
697 1075 829 1131 manibus
843 1075 874 1131 in
890 1094 985 1132 rerum

145 1159 247 1209 natura
261 1153 341 1230 qnasi
355 1153 472 1211 alteram
487 1161 618 1211 naturam
633 1153 742 1212 efficere
757 1173 901 1212 conamur.

186 1232 262 1290 LXI.
307 1239 372 1291 153.
396 1232 473 1302 Quid
493 1236 577 1292 verul
607 1234 757 1291 hominum
779 1234 852 1291 ratio
874 1234 985 1290 nonin

145 1313 255 1369 caelum
274 1332 363 1389 usque
384 1315 560 1390 penetravit?
601 1313 661 1370 Soli
682 1314 759 1371 enim
781 1333 815 1370 ex
836 1313 983 1370 animanti·

145 1391 199 1449 bus
219 1411 272 1449 nos
293 1401 434 1450 astrorum
455 1402 541 1464 ortus,
558 1393 653 1451 obitus
674 1412 827 1469 cursusque
852 1393 986 1469 cognovi·

145 1492 218 1543 mus,
231 1472 266 1530 ab
281 1472 431 1530 homiuum
446 1492 548 1549 genere
563 1473 660 1530 finitus
674 1480 717 1530 est
732 1473 800 1544 dies,
813 1473 986 1541 mensisan-

145 1572 208 1624 nus,
223 1553 400 1610 defectiones
421 1553 488 1610 solis
509 1560 538 1610 et
558 1552 641 1610 lunae
663 1553 794 1629 cognitae
814 1552 986 1629 praedictae-

146 1653 201 1710 que
218 1633 248 1690 in
266 1652 350 1690 omne
367 1640 514 1710 posterum
531 1641 653 1710 tempus,
666 1653 745 1710 quae,
756 1640 887 1710 quantae,
900 1643 986 1709 quan·-

146 1713 184 1770 do
201 1713 315 1771 futurae
332 1714 398 1771 sint.
441 1712 520 1782 Quae
536 1722 675 1771 contuens
692 1714 804 1771 animus
824 1713 929 1789 accipit
950 1712 985 1769 ab

145 1793 191 1850 his
205 1793 399 1870 cognitionem
415 1793 569 1864 deorum,e
584 1813 640 1871 qua
654 1794 744 1851 oritur
754 1794 853 1870 pietas,
864 1793 910 1850 cui
921 1812 986 1850 con-

145 1873 244 1931 iuncta
256 1874 368 1930 iustitia
384 1881 427 1931 est
444 1874 623 1951 reliquaeque
638 1874 764 1945 virtutes,
777 1893 793 1931 e
810 1873 913 1951 quibus
927 1873 986 1930 vita

145 1953 230 2011 beata
244 1954 355 2012 exsistit
367 1973 420 2031 par
434 1962 462 2012 et
477 1954 577 2011 similis
591 1955 719 2025 deorum,
728 1954 805 2012 nulla
819 1954 917 2012 aliare
931 1954 986 2010 nisi

146 2034 361 2092 immortalitate
376 2054 448 2111 quae
462 2035 534 2092 nihil
548 2035 585 2092 ad
599 2035 671 2092 bene
685 2036 838 2092 vivendum
852 2035 984 2112 pertinet,

146 2115 249 2172 cedens
263 2115 438 2173 caelestibus
481 2115 591 2184 Quibus
606 2115 689 2173 rebus
703 2116 841 2193 expositis
855 2115 923 2172 satis
938 2114 986 2170 do·

146 2195 237 2252 cuisse
254 2194 352 2252 videor
367 2195 491 2253 hominis
508 2204 609 2252 natura
626 2202 733 2273 quanto
751 2215 850 2253 omnes
866 2195 986 2252 anteiret

146 2275 312 2334 animantes.
354 2275 398 2332 Ex
418 2295 475 2352 quo
495 2275 582 2333 debet
598 2276 725 2352 intellegi
742 2295 794 2332 neo
815 2275 935 2352 liguram
953 2275 986 2330 si·

146 2361 266 2432 tumque
287 2355 480 2413 membrorum
498 2376 550 2413 nec
566 2357 675 2432 ingenii
692 2355 853 2431 mentisque
872 2355 928 2412 vim
946 2361 987 2410 ta-

146 2433 204 2490 lem
221 2433 293 2491 effici
307 2437 434 2511 potuisse
448 2437 573 2493 fortuna.
618 2442 683 2492 154.
707 2434 807 2490 Restat
821 2440 854 2490 ut
868 2434 986 2490 doceam

147 2520 233 2589 atque
258 2514 410 2590 aliquando
431 2535 561 2592 perorem
586 2516 690 2583 omnia,
706 2533 778 2590 quae
802 2514 910 2569 sintin
931 2512 986 2568 hoe

146 2593 265 2664 mundo,
276 2593 379 2670 quibus
391 2601 507 2651 utantur
520 2594 660 2666 homines,
670 2593 821 2650 hominum
833 2611 916 2648 causa
929 2592 986 2648 fao«

146 2679 177 2729 ta
191 2691 251 2730 esse
265 2679 294 2730 et
309 2681 415 2749 parata

189 2751 280 2809 LXII
303 2752 474 2830 Principio
467 2772 528 2829 rpse
547 2754 672 2811 mundus
688 2753 807 2809 deorum
824 2750 987 2808 hominurn

147 2850 242 2908 que
217 2851 302 2888 causa
312 2833 405 2890 lactus
420 2839 470 2904 est,
481 2852 609 2910 quaeque
623 2833 652 2888 in
665 2853 698 2890 eo
710 2839 776 2888 sunt
777 2851 828 2902 ,ea
838 2836 919 2907 parat
921 2849 937 2886 a
907 2829 986 2886 tad

146 2912 325 2968 fructumet
341 2913 424 2969 iuven
428 2920 458 2969 ta
478 2919 552 2969 sunt.
532 2912 647 2969 tEst
663 2912 740 2969 enim
761 2876 885 2968 rrlundus
907 2909 987 2986 quasi

146 2992 309 3048 eommunis
329 2993 494 3050 deorumt
465 2998 494 3048 at
496 3011 550 3083 que
566 2990 717 3048 hominum
734 2990 838 3047 domus
854 2996 904 3046 aut
920 2988 987 3045 urbs

145 3077 342 3147 utrorumque.
385 3070 445 3127 soli
459 3071 536 3128 enirn
550 3071 660 3126 ratione
677 3071 810 3126 utentes
803 3089 864 3126 rure
878 3088 910 3126 ac
924 3068 987 3144 lege

146 3150 256 3274 vivunat.
299 3150 342 3208 Ut
355 3151 444 3226 igitur
458 3149 588 3206 Athenas
601 3156 631 3206 et
644 3149 887 3208 Lacedaemonem
898 3147 987 3205 Athe·
