2220 3432
347 99 416 146 urs.
428 91 568 160 11;,cA1>.
581 97 808 160 11.-1v.,§c-11.
968 101 998 147 ιι

157 200 340 277 reperiemur,
352 200 498 276 religione,
511 200 540 256 id
556 207 607 269 est,
620 200 699 257 cultu
716 201 835 257 deorum
850 200 942 257 multo
957 221 1001 258 su-

157 281 289 358 periores,
333 285 359 337 9.
382 280 431 336 Au
445 279 512 337 Atti
526 279 612 337 Navii
628 280 717 337 lituus
733 281 788 351 illc,
800 300 857 358 quo
874 281 911 337 ad
925 281 1001 338 iuve-

157 359 322 438 stigandum
337 379 416 417 suem
432 360 563 436 regiones
578 361 676 418 vineae
691 361 864 432 terminavit,
875 367 1001 418 contem-

156 440 341 498 nendusestl
382 439 543 511 Crederem,
553 441 610 498 nisi
624 441 685 498 eius
702 441 822 518 augurio
839 460 888 498 rex
902 441 989 498 Hosti
990 474 1001 482 -

156 521 212 578 lius
231 520 358 577 maxima
373 519 448 578 bella
463 521 604 596 gessisset.
647 517 705 578 Sed
721 521 883 598 neglegent
863 521 1001 578 tnobi·1a

155 601 190 658 lit
178 601 246 658 tatis
266 600 379 678 augurii
396 600 548 678 disciplina
565 600 671 658 omissa
686 601 791 660 veritas
808 601 999 679 auspiciorum

156 688 253 758 spreta
266 689 318 752 est,
331 681 439 758 species
453 688 565 738 tautum
581 688 699 739 retenta
743 681 844 759 ltaque
858 682 1000 740 maximae

155 762 197 818 rei
213 760 344 838 publicae
360 768 464 837 partes,
479 761 509 817 in
527 759 573 818 his
589 760 671 854 bella,
687 761 792 840 quibus
811 762 852 820 rei
869 761 1000 839 publicae

155 841 232 898 salus
246 841 417 911 continetur,
428 841 514 898 nullis
525 842 659 919 auspiciis
670 841 914 913 administrantur,
923 842 1000 900 nulla

154 921 291 998 perennia
312 929 424 978 servant
426 940 466 991 ur,
412 921 561 979 tnulla
577 942 612 979 ex
628 921 816 994 acuminibus,
833 923 918 994 nulla,
933 942 1000 980 cum

155 1001 210 1058 viri
227 1008 372 1072 vocantur,
385 1021 420 1058 ex
438 1021 494 1078 quo
511 1002 542 1058 in
559 1002 710 1078 procinctu
727 1009 899 1060 testamenta
912 1003 1001 1079 perie-
1045 1073 1046 1078 ἵ

154 1089 230 1138 runt.
269 1081 345 1138 Τιιιιι
360 1081 436 1139 enim
448 1082 523 1139 bella
535 1101 632 1160 gerere
647 1083 738 1140 nostri
750 1082 855 1141 duces
848 1083 998 1175 incipiunt,

154 1181 221 1218 eum
236 1162 363 1238 auspicia
377 1170 542 1239 posueruut.
587 1169 632 1220 10.
651 1162 694 1220 At
704 1183 771 1220 vero
786 1162 864 1241 apud
878 1163 1000 1220 maiores

154 1249 236 1299 tanta
249 1242 396 1320 religionis
407 1243 450 1299 vis
460 1243 526 1313 fuit,
536 1249 569 1300 ut
581 1242 697 1320 quidam
712 1243 899 1319 imperatores
913 1243 999 1300 etiarn

154 1342 185 1379 se
202 1322 280 1400 ipsos
297 1321 342 1380 dis
359 1321 569 1380 immortalibus
587 1323 680 1400 capite
697 1323 790 1380 velato
805 1323 899 1380 verbis
915 1323 1001 1380 certis

154 1422 207 1480 pro
219 1402 373 1479 republica
384 1403 564 1460 devoverent.
597 1402 689 1460 Multa
700 1423 734 1460 ex
746 1402 894 1480 Sibyllinis
903 1402 1000 1458 vatici·

154 1482 427 1552 nationibus,multa
435 1503 469 1540 ex
478 1482 662 1559 haruspicum
673 1483 818 1559 responsis
828 1500 1000 1538 commemo·
1044 1541 1046 1544 ,

154 1581 217 1620 rare
230 1582 357 1639 possum,
371 1561 474 1640 quibus
491 1583 524 1620 ea
540 1562 754 1634 confirmentur,
765 1581 837 1639 quae
852 1560 940 1618 dubia
953 1581 1000 1618 ne-

153 1641 227 1700 mini
239 1642 345 1701 debent
356 1663 423 1700 csse.
467 1643 519 1701 IV.
535 1642 628 1720 Atqui
639 1649 668 1701 et
679 1649 843 1700 nostrorum
858 1661 999 1720 augurum

154 1733 184 1780 et
193 1722 377 1780 Etruseorum
388 1722 571 1800 haruspicum
583 1722 764 1800 disciplinam
777 1722 810 1780 P.
820 1722 954 1800 Scipione
966 1722 998 1780 C.

154 1803 258 1880 Figulo
281 1803 445 1861 consulibus
464 1823 507 1861 res
524 1804 586 1882 ipsa
605 1803 754 1881 probavit:
778 1823 851 1881 quos
870 1822 936 1860 cum
954 1802 998 1860 Ti.

154 1883 301 1941 Gracchus
322 1884 420 1942 consul
438 1883 542 1941 iterum
564 1891 679 1955 crearet,
695 1885 805 1962 primus
826 1891 951 1960 rogator,
967 1893 1000 1940 ut

154 1983 205 2022 eos
221 1964 341 2035 rettulit,
353 1963 462 2021 ibidem
479 1971 523 2021 est
539 1971 655 2042 repente
673 1973 811 2022 mortuus.
854 1963 1000 2021 Gracchus

154 2064 220 2102 cum
236 2045 354 2102 comitia
367 2043 457 2103 nihilo
472 2045 568 2102 minus
582 2044 738 2122 peregisset
752 2064 868 2122 remque
880 2044 957 2101 illam
969 2044 999 2101 in

153 2125 323 2202 religionem
339 2125 449 2202 populo
466 2125 576 2183 venisse
597 2125 723 2194 sentiret,
739 2125 776 2182 ad
793 2132 924 2182 senatum
945 2133 1000 2182 ret-

154 2205 230 2262 tulit.
272 2205 394 2263 Senatus
414 2225 486 2282 quos
502 2205 539 2262 ad
557 2205 660 2263 soleret
676 2205 859 2263 referendum
880 2205 998 2262 censuit.

153 2284 329 2362 Haruspices
339 2284 498 2343 introducti
507 2286 716 2363 responderunt
724 2305 783 2343 non
793 2286 882 2342 fuisse
891 2286 999 2342 iustum

154 2365 337 2424 comitiorum
352 2373 523 2458 rogatorem.
568 2371 613 2423 ll.
632 2365 707 2423 Tum
721 2364 874 2436 Gracchus,
883 2373 916 2423 ιιι
926 2385 941 2423 e
952 2385 1000 2442 pa·

154 2454 198 2502 tre
220 2444 402 2539 audiebam,
395 2465 527 2503 mceusus
547 2445 606 2502 ira·
630 2445 739 2503 “Itane
756 2446 842 2503 verol
863 2465 918 2522 ego
939 2463 998 2501 non

154 2527 254 2603 iustus,
273 2527 321 2603 qui
344 2534 373 2584 et
394 2526 493 2584 consul
514 2526 613 2602 rogavi
630 2533 660 2583 et
676 2545 767 2602 augur
788 2533 818 2583 et
834 2525 999 2600 auspicatol

154 2623 191 2663 an
206 2626 272 2678 voe,
277 2605 363 2664 Tusci
378 2626 410 2664 ac
424 2604 545 2676 barbari,
556 2606 746 2684 auspiciorum
763 2599 864 2683 populi
875 2604 998 2662 Romani

153 2687 199 2743 ius
213 2687 318 2744 tenetis
332 2694 362 2744 et
375 2687 545 2763 interpretes
560 2705 620 2743 esse
635 2686 818 2744 comitiorum
834 2704 872 2762 po
874 2691 930 2741 test
931 2683 997 2741 is.''

154 2765 256 2859 Itaque
270 2773 333 2824 tum
348 2767 413 2824 illos
430 2765 506 2824 exire
521 2766 612 2823 iussit.
592 2765 728 2823 tPost
741 2773 838 2822 autem
856 2785 871 2822 e
886 2764 999 2841 provin·

154 2846 199 2904 cia
213 2847 322 2904 litteras
336 2847 373 2904 ad
387 2846 540 2939 collegium
555 2845 635 2903 misit
649 2865 687 2917 se,
700 2865 765 2903 cum
781 2845 887 2922 legeret
875 2842 997 2913 tlibros,

153 2927 284 2984 recordat
272 2934 333 2984 ιιιιιι
350 2947 411 2985 esse
422 2926 449 2983 vi
451 2928 493 2984 tio
451 2925 563 2984 stibi
573 2925 788 2984 tabernaculum
803 2933 918 3002 captum
930 2925 999 2980 fnis-

154 3026 184 3064 se
197 3001 309 3080 [hortos
321 3004 486 3083 Scipionis],
498 3005 584 3083 quod,
595 3025 659 3062 eum
671 3006 832 3081 pomerium
844 3012 945 3082 postea
958 3004 999 3060 in-

154 3095 257 3146 trasset
267 3087 392 3146 habendi
404 3095 519 3144 senatus
533 3103 625 3152 causa,
635 3084 665 3139 in
680 3083 834 3154 redeundo,
845 3103 910 3141 cum
922 3082 998 3139 idern

155 3168 317 3246 pomerium
339 3167 480 3235 transiret,
499 3163 639 3240 auspicari
661 3171 734 3220 esset
755 3164 925 3220 oblitus:t
903 3163 999 3237 itaque
