2220 3432
116 84 146 131 18
335 81 384 129 DE
401 80 551 130 NATURA
567 80 728 130 DEORUM.

115 168 199 259 putat
212 180 327 239 aethera
341 200 400 238 esse
415 200 489 252 eum,
504 199 588 257 quem
602 180 735 238 homines
746 179 845 238 Iovem
860 182 956 258 appel·

114 262 213 332 larent,
227 261 333 338 quique
347 267 397 318 aer
411 280 462 339 per
476 261 566 318 maria
580 267 716 331 manaret,
727 280 792 318 eum
808 281 868 319 esse
880 261 956 339 Nep-

113 350 226 413 tunum,
241 350 403 418 terramque
428 361 490 398 eam
516 361 584 412 esse,
601 360 673 418 quae
696 341 781 398 Ceres
804 341 954 412 diceretur,

115 423 258 499 similique
282 423 393 479 ratione
415 422 596 499 persequitur
617 420 755 479 vocabula
778 420 955 498 reliquorum

115 503 242 560 deorum.
285 502 424 578 Idemque
439 502 526 558 etiam
537 500 608 578 legis
619 509 773 579 perpetuae
785 510 813 559 et
824 510 955 561 aeternae

114 584 182 652 vim,
195 601 267 657 quae
282 583 363 656 quasi
378 583 435 639 dux
449 582 525 657 vitae
539 589 568 639 et
582 582 719 657 magistra
733 581 892 639 officiorum
908 583 953 654 sit,

114 665 214 724 Iovem
237 666 308 724 dicit
331 684 391 723 esse
413 663 590 739 eandemque
614 662 732 720 fatalem
755 663 955 720 necessitatem

115 741 248 818 appellat,
265 741 469 817 sempiternam
493 760 588 798 rerum
610 741 773 800 futuramm
795 743 953 814 veritatem,

116 840 238 899 quorum
255 820 327 876 nihil
344 821 401 878 tale
418 828 469 891 cst,
485 828 517 878 ut
533 822 564 878 in
582 841 616 879 eo
633 822 676 878 vis
692 821 790 879 divina
806 823 898 880 inesse
915 823 955 879 vi·

116 901 224 960 deatur.
267 905 313 958 41.
332 900 371 957 Et
388 901 457 958 hacc
474 901 591 978 quidem
608 902 638 958 iu
656 902 750 978 primo
767 902 840 959 libro
856 903 891 960 de
908 923 955 960 na-

114 988 180 1038 tura
194 980 321 1051 deorum,
333 981 364 1037 in
379 981 504 1038 secundo
519 988 615 1039 autem
630 982 690 1039 vult
705 981 822 1059 Orphei,
835 981 954 1054 Musaei,

115 1059 238 1117 Hesiodi
263 1059 442 1138 Homerique
465 1060 585 1118 fabellas
610 1063 826 1120 accommodare
851 1062 887 1119 ad
912 1082 954 1134 ea,

116 1159 187 1216 quae
209 1141 270 1217 ipse
290 1141 384 1216 primo
406 1140 478 1198 libro
496 1142 531 1199 de
549 1142 593 1198 dis
613 1142 825 1212 immortalibus
841 1143 953 1212 dixerit,

114 1227 149 1278 ut
162 1220 249 1278 etiam
260 1221 404 1278 veterrimi
418 1228 531 1297 poetae,
545 1223 594 1299 qui
609 1221 678 1280 baec
692 1242 729 1280 ne
744 1223 879 1299 suspicati
895 1223 956 1299 qui-

116 1300 181 1358 dem
199 1308 273 1372 suut,
289 1300 380 1359 Stoici
396 1299 486 1359 fuisse
501 1302 657 1360 videantur.
701 1302 793 1371 Quem
808 1303 955 1377 Diogenes
1037 1345 1041 1353 .

114 1380 294 1458 Babylonius
316 1400 493 1459 consequens
514 1382 545 1438 iu
567 1401 601 1439 eo
622 1382 703 1454 libro,
721 1383 770 1459 qui
790 1382 956 1440 inscribitur

115 1462 150 1520 dc
166 1461 301 1534 Minerva,
312 1469 426 1538 partum
441 1462 518 1519 Iovis
536 1470 688 1539 ortumque
700 1463 819 1539 virginis
833 1463 870 1520 ad
883 1462 955 1540 phy-

115 1542 263 1618 siologiam
279 1543 430 1600 traducens
445 1542 571 1618 diiungit
584 1563 601 1599 a
614 1542 720 1600 fabula.

154 1623 237 1681 XVI.
280 1627 327 1680 la
345 1622 475 1698 Exposui
485 1623 545 1680 fere
559 1642 617 1679 uon
629 1621 868 1699 pbilosophorum
882 1622 955 1680 iudi-

115 1703 166 1774 cia,
182 1702 233 1759 sed
251 1701 433 1759 delirantium
456 1703 575 1759 somnia.
618 1702 679 1760 Nec
696 1703 773 1760 enim
795 1703 887 1760 multo
908 1703 955 1760 ab·

116 1783 244 1840 surdiora
265 1790 332 1838 suut
353 1801 393 1852 ea,
410 1801 482 1858 quae
499 1789 651 1859 poetarum
668 1783 787 1840 vocibus
807 1783 873 1840 fusa
892 1784 955 1860 ipsa

115 1863 254 1920 suavitate
274 1870 442 1933 nocuerunt,
459 1862 508 1938 qui
530 1869 559 1918 et
578 1863 620 1918 ira
636 1863 829 1920 inflammatos
848 1871 877 1921 ct
893 1863 955 1920 libi-

116 1943 182 2000 dine
193 1943 321 1999 furcutes
334 1941 510 1999 induxerunt
524 1942 601 2013 deos,
613 1942 800 2020 feceruntque
811 1950 844 2000 ut
856 1963 954 2000 corum

115 2023 197 2093 bella,
213 2022 329 2100 proelia,
345 2041 465 2099 pugnas,
478 2021 595 2080 vulnera
609 2023 778 2095 videremus
794 2023 861 2080 odia
877 2043 955 2100 prae·

116 2110 200 2173 terea,
218 2102 347 2173 discidia,
367 2101 531 2173 discordiae,
550 2110 638 2174 ortus,
657 2103 798 2174 interitus,
818 2103 953 2180 querelae,

116 2183 341 2254 lamentat-ionae,
360 2182 464 2240 effusas
488 2183 519 2238 in
544 2184 624 2239 omni
648 2183 869 2260 intemperantia
893 2183 955 2241 libi·

117 2263 205 2333 dines
224 2263 371 2332 adulteria,
386 2263 510 2334 vincula,
527 2282 591 2320 cum
614 2263 741 2320 humano
762 2283 867 2340 genere
889 2283 955 2320 cou-

116 2343 230 2401 cubitus
250 2342 440 2480 mortalesque
461 2363 496 2402 ex
516 2343 673 2400 immortali
692 2351 863 2419 procreatos
907 2348 953 2400 43.

116 2423 191 2480 (lum
212 2430 282 2500 poet
284 2443 364 2480 arum
385 2431 481 2481 autem
502 2442 595 2480 errore
616 2423 789 2500 coniungere
808 2423 875 2480 lieet
891 2443 956 2500 por-

116 2510 179 2560 tent
175 2523 197 2560 a
217 2523 367 2641 magomm
388 2504 514 2596 Aegypt
508 2522 657 2595 rommque
678 2504 709 2560 in
730 2504 832 2560 eodem
852 2522 955 2580 genere

117 2583 241 2641 dement'
221 2590 300 2655 t,1am
311 2591 374 2641 tum
385 2585 471 2641 ctiam
483 2582 562 2659 vulgi
573 2584 731 2720 opiniones,
744 2603 829 2720 quaet
827 2583 855 2639 iu
866 2583 956 2640 maxi

117 2683 164 2720 ma
177 2664 371 2721 inconstantia
384 2664 511 2721 veritatis
522 2663 702 2739 ignoratione
716 2670 829 2720 vtersan
831 2682 870 2720 ur.
914 2663 956 2719 Ea

118 2743 168 2819 qui
184 2743 344 2801 consideret
362 2762 447 2820 quam
464 2744 624 2802 inconsulte
641 2763 673 2801 ac
690 2751 797 2801 temere
814 2743 954 2814 dicantur,

118 2824 244 2880 venerari
258 2823 416 2900 Epicurum
433 2830 462 2880 ct
477 2823 508 2880 in
523 2843 621 2880 eorum
636 2825 764 2899 ipsorum
779 2842 907 2894 numero,
920 2823 956 2880 dc

119 2902 223 2979 quibus
233 2903 302 2960 haec
315 2903 443 2979 quaestio
455 2903 619 2974 esthabere
631 2904 740 2962 debeat.
784 2902 867 2960 Solus
878 2903 955 2960 enim

119 2983 192 3038 vidit
204 2983 332 3059 primum
346 3001 405 3039 esse
420 2982 497 3054 deos,
513 2984 591 3060 quod
604 2985 635 3041 in
649 2985 779 3041 omnium
794 2982 897 3039 animis
911 3002 956 3040 co-

119 3080 182 3118 rum
203 3061 352 3118 notionem
373 3063 561 3139 impressisset
582 3065 645 3140 ipsa
665 3072 773 3120 natura.
817 3062 896 3130 Quae
914 3069 957 3119 cst

120 3142 196 3198 enim
213 3160 284 3215 gens
300 3150 350 3199 aut
367 3143 444 3218 quod
460 3163 551 3220 genus
570 3143 719 3201 hominum
739 3143 817 3217 quod
834 3161 891 3198 non
910 3141 956 3198 ha-
