2224 3446
289 126 357 175 LIB.
375 128 422 188 11,
435 119 512 176 οΑΡ.
525 128 702 188 :cvra-XX,
715 127 729 186 ς
740 130 829 182 31-15.
930 132 976 179 211

136 248 174 286 ne
190 229 373 306 perspicuum
390 235 434 286 est
450 248 485 286 ex
501 229 595 306 prima
611 228 800 286 admiratione
817 229 976 302 hominurn,

136 309 217 386 quod
230 310 357 366 tonitrua
371 309 518 385 iactusque
532 308 688 366 fulminum
703 308 909 380 extimuissent,
922 329 978 367 cre·

136 389 244 446 didisse
261 407 295 446 ea
311 387 420 446 efficere
437 408 531 446 rerum
552 388 682 446 omnium
699 394 917 466 praepotentem
934 389 978 446 Io

137 470 218 526 verul
259 468 360 545 Itaque
378 469 407 525 in
424 469 529 526 nostris
546 469 758 526 commentariis
776 469 914 546 scripturn
930 468 978 526 lra-

136 548 251 605 bemus:
286 549 380 606 “love
404 555 523 606 tonante
547 548 711 625 fulgurante
736 549 854 606 comitia
877 549 978 625 populi

135 628 240 685 habere
255 628 363 686 nefas.’'
406 634 453 686 43.
476 629 542 686 Hoc
558 629 679 686 fortasse
694 629 734 686 rei
749 628 879 704 publicae
894 648 978 686 eausa

135 708 327 765 constitutum
348 715 398 766 est.
441 707 634 766 Comitiorum
656 709 733 766 enirn
753 728 812 766 non
834 707 978 766 habendo-

134 807 200 843 rum
217 807 315 845 causas
332 807 392 846 esse
410 787 568 846 voluerunt.
611 787 712 865 Itaque
729 788 912 846 comitiorum
933 807 978 846 so-

134 867 196 924 lum
220 867 323 925 vitium
348 875 391 925 est
414 867 533 939 fulmen,
547 867 626 945 quod
647 869 726 926 idern
746 868 880 926 omnibus
894 868 978 926 rebus

134 947 278 1022 optimum
293 948 452 1025 auspicium
464 947 609 1020 babemus,
622 949 646 1005 si
661 949 807 1006 sinistrum
821 949 885 1007 fuit.
921 948 979 1006 Sed

134 1027 171 1084 de
196 1028 329 1104 auspiciis
352 1027 408 1085 alio
429 1028 501 1098 loeo,
521 1047 597 1084 nune
620 1028 656 1086 de
678 1028 849 1104 fulguribus.
892 1027 975 1086 XIX.

134 1105 212 1175 Quid
227 1107 317 1184 igitur
333 1109 428 1165 minus
445 1107 603 1185 aphysieis
620 1108 677 1165 diei
694 1107 781 1166 debet
798 1128 882 1185 quam
901 1109 977 1186 quic-

135 1206 222 1264 quam
239 1187 309 1244 certi
324 1187 477 1265 significari
494 1188 578 1245 rebus
594 1187 729 1245 incertisl
749 1183 837 1244 'Non
854 1189 930 1245 enirn
948 1196 978 1246 te

134 1274 207 1344 puto
225 1287 285 1324 esse
302 1287 376 1338 euin,
390 1269 439 1346 qui
456 1268 519 1326 Iovi
536 1267 647 1325 fulmen
664 1267 820 1324 fabricatos
840 1287 901 1325 esse
922 1267 978 1344 Cy-

135 1347 233 1423 clopas
243 1347 274 1404 in
289 1347 384 1406 Aetna
394 1355 486 1425 putes.
529 1352 576 1405 44.
595 1347 671 1406 Nam
686 1355 759 1404 esset
769 1346 906 1418 mirabile,
920 1367 977 1425 quo

134 1427 224 1484 modo
237 1427 270 1484 id
281 1426 411 1504 Iuppiter
422 1428 529 1486 totiens
539 1428 651 1498 iaceret,
664 1447 730 1484 cum
740 1446 830 1484 unum
841 1425 975 1485 haberet:

135 1526 188 1564 nec
202 1526 268 1564 vero
284 1507 454 1565 fulminibus
465 1507 596 1566 homines
611 1507 681 1584 quid
695 1515 745 1564 aut
757 1506 923 1564 faciendum
937 1526 978 1564 es
997 1567 1000 1572 ,

135 1594 179 1644 set
193 1594 243 1644 aut
256 1587 414 1644 cavendum
429 1595 566 1645 moneret.
608 1587 708 1645 Placet
722 1587 798 1645 enirn
810 1585 914 1644 Stoicis
929 1606 977 1645 eos

135 1666 278 1724 anhelitus
299 1674 398 1739 terrae,
414 1668 463 1744 qui
481 1667 581 1743 frigidi
602 1667 668 1738 sint,
685 1687 750 1725 eum
771 1666 858 1724 fluere
879 1686 978 1742 coepe-

135 1747 202 1817 rint,
214 1752 315 1804 ventos
332 1766 409 1806 esse:
431 1767 497 1804 cum
511 1755 608 1805 autem
622 1767 652 1805 se
666 1747 696 1806 in
711 1746 817 1804 nubem
832 1747 978 1805 induerint

134 1827 252 1903 eiusque
271 1827 469 1884 tenuissimam
486 1846 629 1903 quamque
645 1834 756 1904 partem
774 1827 920 1904 coeperint
937 1826 978 1883 di-

134 1907 231 1964 videre
247 1912 334 1983 atque
351 1906 527 1983 disrumpere
543 1906 630 1984 idque
645 1907 769 1965 crebrius
782 1908 876 1965 facere
891 1915 920 1965 et
934 1927 978 1964 ve·

134 1986 305 2058 hementius,
314 1992 376 2044 turn
386 1993 415 2044 et
423 1987 551 2064 fulgores
561 1996 590 2045 et
598 1988 726 2046 tonitrua
734 1987 879 2046 exsistere:
898 1988 978 2045 siau-

135 2074 195 2124 tem
210 2066 330 2124 nubium
345 2066 480 2124 conflictu
495 2067 579 2124 ardor
593 2087 741 2144 expressus
757 2089 786 2126 se
801 2069 935 2140 emiserit,
947 2067 978 2125 id

134 2161 196 2204 esse
213 2145 331 2204 fulmen.
371 2146 456 2215 Quod
469 2147 559 2224 igitur
572 2149 601 2204 vi
615 2156 741 2220 naturae,
757 2148 835 2206 nulla
849 2155 978 2206 constan-

134 2227 183 2298 tia,
196 2226 275 2284 nullo
290 2233 353 2284 rato
363 2233 495 2304 tempore
510 2227 639 2286 videmus
653 2228 735 2299 effici,
747 2248 782 2285 ex
793 2247 827 2285 eo
839 2228 982 2304 significa-¹

135 2307 246 2365 tionem
267 2326 362 2364 rerum
378 2307 615 2383 consequentium
634 2308 812 2383 quaerimus?
853 2307 976 2376 Scilicet,

135 2388 161 2444 si
174 2387 229 2444 ista
245 2387 377 2464 Iuppiter
391 2387 571 2464 significaret,
584 2394 644 2444 tarn
658 2386 749 2442 multa
763 2387 869 2443 frustra
882 2387 977 2443 fulmi·
1032 2400 1034 2405 ’

135 2487 173 2522 na
187 2468 346 2525 emitteret!
388 2472 435 2525 45.
454 2466 532 2535 Quid
546 2466 622 2523 enim
634 2464 755 2542 proficit,
768 2485 834 2522 eum
844 2466 874 2522 in
889 2467 979 2523 medi-

135 2565 186 2602 um
200 2565 276 2603 mare
290 2547 401 2604 fulmen
416 2547 501 2605 iecitl
523 2546 600 2624 quid,
613 2565 678 2602 curn
690 2545 719 2602 in
734 2545 887 2601 altissimos
898 2564 978 2602 mon-

116 2659 118 2666 ν
135 2632 187 2693 tes,
201 2626 278 2702 quod
295 2626 462 2704 plerumque
478 2626 529 2684 fitl
551 2625 629 2703 quid,
642 2643 707 2682 curn
724 2624 755 2680 in
772 2624 897 2682 desertas
914 2625 978 2681 soli-

135 2705 269 2762 tudines?
290 2707 358 2782 quid
374 2727 438 2764 eum
450 2707 481 2762 in
492 2725 588 2763 earum
599 2705 730 2783 gentium
745 2724 816 2774 oras,
832 2704 978 2780 inquibus

135 2785 252 2842 haecne
267 2785 453 2843 observantur
463 2787 599 2862 quidem?
635 2786 704 2844 XX.
722 2784 764 2842 At
775 2785 924 2841 inventum
935 2793 978 2840 est

136 2872 222 2941 eaput
239 2865 268 2921 in
283 2865 388 2923 Tiberi.
432 2864 519 2934 Quasi
537 2885 591 2942 ego
607 2873 698 2924 artem
715 2866 839 2942 aliquam
856 2865 978 2921 istorum

135 2963 196 3002 esse
212 2946 333 3022 negem!
374 2945 591 3003 Divinationem
607 2965 690 3022 nego.
733 2945 811 3003 Caeli
829 2943 906 3002 enim
923 2943 978 3000 dis-

135 3024 263 3095 tributio,
283 3044 369 3102 quam
387 3031 452 3082 ante
470 3024 537 3092 dixi,
554 3031 583 3082 et
599 3032 738 3082 certarum
755 3044 849 3082 rerum
865 3023 977 3080 notatio

135 3104 220 3161 docet
231 3105 307 3162 unde
318 3104 429 3161 fulmen
440 3105 557 3174 venerit,
569 3123 626 3180 quo
637 3105 823 3162 concesserit:
841 3103 911 3180 quid
924 3103 977 3178 sig⁴

135 3182 232 3241 nificet
247 3195 343 3242 autern
358 3182 435 3240 nulla
450 3183 522 3240 ratio
537 3184 629 3241 docet.
672 3183 729 3242 Sed
744 3203 827 3261 urges
843 3203 889 3240 me
906 3183 977 3241 meis

136 3262 279 3319 versibus:
