2220 3432
131 115 163 162 10
352 113 402 162 DE
418 112 570 163 NATURA
586 111 747 162 DEORUM.

131 217 256 288 nomine,
272 217 322 275 sed
338 236 442 296 genera
458 223 522 276 toto
539 217 744 293 disjungerent,
761 222 789 274 et
803 215 973 293 Peripateti-

130 316 187 369 cos,
201 299 250 375 qui
264 298 385 356 honesta
398 299 616 356 commiscerent
631 317 696 355 cum
711 297 880 370 commodis,
893 304 925 355 ut
940 317 974 354 ea

102 381 104 386 ’
130 379 207 435 inter
222 398 252 435 se
269 379 468 455 magnitudine
489 386 519 436 et
536 378 615 457 quasi
632 377 777 455 gradibus
792 397 851 435 non
868 397 973 456 genere

130 458 288 516 differrent,
334 457 414 514 Haec
443 459 519 515 enim
548 466 591 515 cst
615 478 673 514 non
698 458 850 515 verborum
875 477 971 535 parva,

131 539 180 595 scd
192 557 287 596 rerum
297 556 453 614 permagna
463 538 610 594 dissensio.
646 538 690 595 17.
700 537 809 595 Verum
821 538 876 596 hoc
887 537 971 595 alies:

130 637 207 678 nuuc
225 617 475 694 quodcoepimus,
492 617 516 674 si
533 618 653 676 videtur.
696 617 770 674 Mihi
786 637 862 689 vero,
876 619 974 696 iuquit

130 695 226 769 Cotta,
243 698 362 755 videtur.
406 697 470 768 Sed,
487 703 520 754 nt
537 697 592 767 hic,
608 697 658 774 qui
674 697 915 755 intervenit-me
931 699 974 755 in-

130 787 291 836 tuens-nc
307 778 422 854 ignoret
436 797 507 854 quac
524 796 568 834 res
585 777 740 854 angantrude
757 785 858 834 natura
872 777 974 854 ageba·

131 877 196 914 mus
213 857 341 928 deorum,
358 876 430 934 quae
452 876 517 915 cum
539 857 611 914 mihi
629 857 772 914 videretur
791 857 971 934 perobscura,

130 945 164 995 ut
178 956 290 1014 semper
303 937 394 994 videri
409 937 489 1009 solet,
502 937 620 1014 Epicuri
634 956 669 994 ex
684 936 795 994 Velleio
810 936 974 995 sciscitabar

132 1018 313 1075 sententiam.
355 1017 448 1086 Quam
469 1017 507 1074 ob
523 1036 592 1088 rem,
608 1017 710 1094 inquit,
723 1017 825 1087 Vellei,
840 1017 897 1074 nisi
912 1035 974 1074 mo-

131 1098 237 1155 lestum
262 1104 313 1169 est,
331 1104 429 1174 repete
454 1116 525 1173 quae
550 1116 691 1174 coeperas.
734 1096 874 1174 Repetam
895 1116 972 1167 vero,

133 1197 306 1255 quamquam
331 1197 390 1234 non
417 1177 499 1246 mihi,
522 1177 572 1234 scd
596 1177 650 1234 tibi
675 1177 722 1234 hic
746 1177 825 1234 venit
849 1177 971 1234 adiutor.

132 1258 230 1315 Ambo
248 1259 333 1326 enim,
350 1258 445 1334 inquit
462 1258 603 1328 adridens,
620 1257 656 1314 ab
673 1258 775 1315 eodem
792 1257 916 1315 Philone
932 1257 974 1314 ni·

132 1338 173 1394 hil
199 1339 270 1396 scire
294 1338 444 1398 didicistis.
488 1338 563 1395 Tum
589 1357 661 1415 ego:
687 1337 765 1406 Quid
790 1338 974 1395 didicerimus

132 1418 221 1476 Cotta
232 1419 343 1486 viderit,
355 1426 386 1475 tu
402 1425 498 1475 autem
514 1418 581 1477 nolo
593 1419 738 1476 existimes
751 1437 797 1475 mc
811 1419 973 1476 adiutorem

133 1498 200 1557 huic
217 1500 335 1570 venisse,
352 1499 402 1556 scd
423 1499 593 1556 auditorem.
605 1506 634 1556 et
655 1499 773 1576 quidem
794 1518 926 1575 aequum,
942 1498 973 1554 li·

132 1579 202 1638 bero
222 1580 339 1650 iudicio,
354 1578 433 1636 nulla
449 1579 510 1636 eius
527 1579 606 1636 modi
627 1579 776 1636 astrictum
796 1579 973 1650 necessitate,

133 1666 167 1717 ut
180 1659 261 1730 mihi,
274 1659 359 1717 volim
377 1658 476 1730 nolim,
487 1659 525 1717 sit
542 1668 619 1717 certa
633 1659 773 1736 quaedam
789 1659 898 1717 tuenda
914 1678 975 1716 seu-

133 1740 232 1797 tentia.

174 1817 258 1876 VIII.
303 1823 349 1875 18.
371 1816 445 1875 Tum
460 1817 589 1877 Velleius
606 1818 728 1876 fidenter
744 1837 819 1886 sane,
831 1825 864 1876 ut
881 1819 975 1877 solent

134 1900 191 1970 isti,
207 1898 280 1956 nihil
295 1904 355 1955 tam
369 1917 469 1956 verens
483 1918 569 1976 quam
585 1917 622 1956 ne
636 1899 767 1957 dubitare
784 1899 928 1976 aliquado
944 1918 975 1958 re

134 1980 287 2050 videretur,
303 1985 450 2056 tamquam
467 1979 556 2036 modo
573 1999 607 2037 ex
622 1979 741 2036 deorum
759 1980 880 2037 concilio
895 1987 924 2037 et
940 1999 974 2037 ex

134 2060 253 2137 Epicuri
276 2059 479 2117 intermundiis
499 2059 708 2117 descendisset:
736 2059 854 2132 Audite,
870 2060 973 2137 inquit,

134 2160 192 2197 non
205 2139 303 2198 futiles
314 2140 585 2216 commenticiasque
596 2140 759 2209 sententiae,
769 2159 828 2196 non
843 2140 974 2217 opificem

135 2220 403 2296 aedificatoremque
420 2220 529 2289 mundi,
543 2220 673 2277 Platonis
690 2220 726 2278 de
742 2219 861 2278 Timaeo
878 2220 973 2292 deum,

135 2320 187 2358 nec
202 2320 288 2357 auum
303 2301 461 2370 fatidicam,
473 2299 635 2357 Stoicorum
650 2319 815 2377 pronoeam,
828 2319 914 2377 qrram
925 2299 976 2357 La·

135 2382 196 2438 tine
213 2380 279 2438 licet
293 2381 504 2454 providentium
522 2380 624 2452 dicero,
640 2399 816 2457 usquevero
833 2380 975 2438 mundum

135 2462 228 2538 ipsum
252 2462 349 2518 animo
371 2469 399 2518 et
417 2460 546 2518 sensibus
566 2461 737 2538 praeditum,
753 2459 919 2532 rotundum,
935 2480 976 2518 ar-

135 2542 261 2613 dentem,
277 2540 432 2598 volubilem
450 2541 545 2612 deum,
560 2547 694 2617 portenta
714 2547 744 2598 et
761 2540 897 2598 miracula
916 2560 975 2598 non

136 2621 337 2679 disserentium
351 2620 599 2698 philosophorum,
611 2620 660 2678 sed
675 2621 888 2678 somniantium.
929 2626 974 2678 19.

136 2701 247 2769 Quibus
262 2702 339 2759 enim
354 2700 444 2757 oculis
459 2701 546 2757 animi
559 2701 664 2758 intueri
678 2701 775 2777 potuit
789 2707 881 2758 vester
891 2700 976 2758 Plato

135 2781 276 2838 fabricam
290 2781 369 2838 illam
380 2780 454 2837 tanti
469 2781 571 2857 operis,
584 2800 640 2858 qua
653 2782 780 2838 construi
795 2781 876 2838 adeo
891 2787 976 2858 atque

136 2861 279 2918 aedificari
294 2860 434 2918 muudum
449 2861 538 2918 facitl
578 2861 657 2930 Quae
671 2861 792 2932 molitio,
806 2879 877 2938 quae
891 2861 977 2918 ferra-

136 2949 242 3011 menta,
260 2941 308 3017 qui
323 2948 425 3013 vectes,
442 2961 513 3018 qnae
528 2943 684 3012 machinae,
694 2942 749 3018 vqni
764 2941 889 2998 ministri
903 2943 975 2998 tanti

137 3021 263 3077 muueris
274 3021 409 3079 fueruntl
450 3022 541 3090 Quom
557 3023 592 3080 ad
604 3023 723 3079 modum
735 3027 830 3078 autem
842 3020 977 3078 oboedire

137 3182 314 3258 potueruntl
354 3182 441 3241 Unde
455 3202 522 3240 vero
540 3190 618 3241 ortae
635 3182 698 3240 illae
717 3181 842 3258 quinque
856 3181 975 3254 formae,
