2224 3446
280 122 348 170 LIB.
360 121 409 181 ΙΙ.,
420 119 498 169 CAP.
510 118 734 180 XL11.-XLV.‚§
747 120 836 168 89-94.
931 123 979 170 229

138 223 226 292 stella,
236 223 329 280 multo
344 229 439 278 autem
454 220 568 297 longius
582 220 739 291 aVeneris,
750 219 854 278 deinde
868 221 924 279 alio
938 223 979 279 iu-

137 302 255 362 tervallo
272 303 359 360 distet
379 321 396 358 a
416 300 483 372 sole,
496 301 576 358 cuius
596 300 704 357 lumine
725 299 883 359 collustrari
899 309 980 378 puta-

64 449 69 454 ,
137 391 193 441 tur,
228 382 350 459 Reliqua
359 401 426 438 roro
440 382 495 438 tria
506 380 652 438 intervalla
665 379 777 436 infinita
791 387 820 437 ct
830 381 977 454 immensa,

137 483 155 520 a
169 463 228 520 sole
242 462 279 519 ad
289 462 397 531 Martis,
407 461 474 518 inde
489 460 526 517 ad
540 460 625 530 IoviS,
635 460 671 517 ab
686 479 720 517 eo
735 460 771 517 ad
786 459 901 518 Saturni
916 463 980 519 stel-

137 543 204 614 lam,
212 542 279 600 iude
290 542 327 599 ad
335 541 442 599 caelum
454 541 557 617 ipsum,
565 540 643 617 quod
654 547 812 598 extremum
822 547 906 622 atque
915 541 980 599 ulti-

137 642 219 678 mum
233 622 335 678 mundi
346 629 396 679 est.
440 626 485 678 92.
502 619 581 688 Quae
592 627 688 696 potest
698 620 788 697 igitur
798 621 933 698 contagio
944 641 978 678 ex

137 701 252 759 infinito
261 720 351 778 paene
362 699 510 759 intervallo
521 700 663 776 pertinere
673 700 711 757 ad
721 700 818 757 lunam
828 700 870 757 vel
880 699 979 778 potius

137 782 175 839 ad
184 783 305 839 terram?

178 860 284 919 XLIV.
298 860 393 930 Quidt
410 880 475 918 cum
486 860 586 918 dicunt
597 859 636 930 id,
647 860 726 936 quod
736 859 771 916 iis
782 859 875 917 dicere
885 879 979 918 neces-

137 961 167 998 se
182 948 233 1013 est,
244 959 343 998 omnes
357 941 486 998 omnium
502 947 589 1011 ortus,
600 940 772 1016 quicumque
783 941 939 1016 gignantur
948 942 978 998 in

138 1021 218 1078 omui
228 1029 303 1078 terra
314 1040 385 1097 quae
396 1021 544 1091 incolatur,
555 1019 670 1077 cosdem
681 1039 742 1076 esse
753 1020 909 1098 eademque
920 1040 979 1077 om-

137 1100 230 1172 nibus,
240 1101 289 1177 qui
303 1101 405 1158 eodem
419 1107 496 1159 statu
510 1100 581 1158 caeli
591 1106 620 1157 et
631 1099 776 1157 stellarum
790 1101 851 1157 nati
862 1101 928 1172 sint,
936 1120 980 1157 ac-

138 1181 231 1239 ciderc
245 1200 358 1238 necesse
372 1199 544 1251 esse,noune
560 1180 621 1236 eius
634 1179 715 1236 modi
726 1186 800 1250 sunt,
811 1186 844 1236 ut
858 1199 894 1238 ne
908 1181 978 1238 caeli

139 1261 254 1336 quidem
264 1268 395 1318 naturam
403 1261 571 1337 interpretes
580 1260 651 1316 istos
659 1259 729 1316 caeli
738 1278 821 1316 nosse
830 1263 979 1335 appareat?

137 1340 213 1397 Cum
230 1341 305 1398 enim
321 1341 363 1398 illi
378 1339 468 1411 orbes,
481 1341 531 1417 qui
545 1339 653 1397 caelum
672 1339 752 1416 quasi
766 1339 893 1396 medium
908 1340 978 1396 divi-

137 1420 211 1478 dunt
228 1427 258 1478 et
275 1427 422 1497 aspectum
443 1427 573 1477 nostrum
594 1418 743 1490 definiunt,
760 1419 809 1496 qui
826 1439 843 1476 a
862 1418 978 1476 Graecis

136 1502 271 1576 ὁρίζοντες
289 1500 481 1571 nominantur,
492 1519 509 1557 a
521 1499 606 1556 nobis
624 1498 806 1556 “finientes''
821 1499 978 1557 rectissime

137 1581 279 1638 nominari
293 1587 422 1657 possunt,
432 1581 598 1637 varietatem
612 1579 767 1636 maximam
783 1578 905 1636 habeant
919 1578 978 1636 alii-
1068 1644 1070 1650 Ι

137 1680 193 1738 que
204 1661 235 1717 in
249 1660 312 1717 aliis
322 1660 392 1717 locis
404 1660 469 1730 sint,
480 1677 593 1717 necesse
607 1665 650 1716 est
665 1667 743 1716 ortus
758 1678 929 1736 occasusque
943 1660 978 1716 si-

136 1741 236 1798 derum
258 1759 316 1797 non
333 1739 394 1798 fieri
411 1740 512 1797 eodem
534 1747 663 1816 tempore
684 1739 761 1815 apud
778 1757 885 1796 omnes.
929 1745 975 1797 93.

136 1819 223 1888 Quod
237 1821 262 1877 si
276 1839 374 1877 eorum
385 1820 414 1876 vi
424 1820 533 1877 caelum
547 1819 638 1876 modo
650 1818 713 1890 hoc,
723 1818 811 1875 modo
825 1817 874 1875 illo
888 1819 977 1876 modo

135 1907 319 1978 temperatur,
329 1900 482 1976 quipotost
491 1899 589 1956 eadem
597 1898 639 1955 vis
648 1917 708 1956 esse
716 1899 902 1970 nascentium,
912 1919 977 1956 cum

136 1980 207 2038 caeli
220 1987 302 2037 tanta
318 1980 356 2036 sit
372 1978 595 2036 dissimilitudo?
636 1978 671 2035 In
685 1978 730 2035 his
744 1977 822 2050 locis,
836 1998 907 2056 quae
924 1999 978 2036 nos

136 2059 296 2130 incolimus,
312 2065 379 2136 post
393 2059 547 2116 solstitium
567 2057 704 2116 Canicula
724 2059 851 2116 exoritur
872 2066 901 2117 et
918 2060 978 2136 qui·

136 2140 203 2197 dem
223 2141 334 2216 aliquot
354 2139 463 2211 diebus,
475 2139 553 2216 apud
568 2138 769 2215 Troglodytas,
781 2146 814 2196 ut
835 2139 976 2210 scribitur,

136 2226 203 2277 ante
224 2219 387 2290 solstitium,
403 2227 443 2290 111,
460 2219 483 2276 si
505 2219 562 2276 iam
583 2218 773 2276 concedamus
794 2219 902 2295 aliquid
918 2220 978 2276 vim

136 2299 287 2356 caelestem
308 2299 344 2356 ad
365 2319 421 2368 eos,
436 2299 485 2376 qui
500 2299 531 2355 in
552 2305 627 2356 terra
647 2299 813 2374 gignuntur,
826 2299 976 2374 pertinere,

136 2378 332 2438 confitendum
354 2380 392 2436 sit
407 2379 463 2435 illis
484 2379 601 2454 eosqui
618 2385 773 2434 nascuntur
789 2377 890 2434 eodem
907 2385 979 2436 tem-

135 2478 214 2536 pore,
233 2478 316 2535 possc
340 2461 371 2515 in
396 2459 547 2516 dissimiles
570 2457 695 2515 incidere
720 2463 836 2514 naturas
860 2465 978 2534 propter

136 2538 206 2596 caeli
227 2538 499 2596 dissimilitudinem.
549 2537 634 2606 Quod
658 2537 777 2594 minime
798 2536 854 2594 illis
875 2537 976 2614 placet.

135 2618 250 2676 Volunt
271 2619 347 2676 euim
370 2619 413 2676 illi
435 2637 534 2676 omues
555 2618 655 2675 eodem
677 2625 807 2694 tempore
829 2624 915 2687 ortos,
928 2619 978 2693 qui

136 2697 243 2775 ubique
264 2699 321 2757 sint
342 2699 411 2768 nati,
429 2699 529 2756 cadem
553 2698 722 2756 condicione
746 2697 831 2755 nasci.
884 2697 976 2755 XLV.

137 2783 183 2836 94.
203 2778 260 2836 Sed
275 2798 346 2856 quae
360 2786 441 2836 tanta
454 2778 599 2836 dementia
613 2786 664 2846 est,
674 2788 707 2834 ut
721 2778 750 2834 in
768 2776 901 2834 maximis
917 2795 978 2833 mo

136 2857 213 2915 tibus
227 2859 492 2936 mutationibusque
506 2859 576 2916 caeli
589 2857 662 2914 nihil
674 2857 795 2928 intersit,
806 2857 855 2933 qui
866 2864 975 2927 ventus,

137 2939 186 3014 qui
203 2938 302 3009 imber,
319 2958 390 3015 quae
407 2945 562 3014 tempestas
578 2937 685 3014 ubique
703 2937 918 3012 siti-quarum
937 2955 978 2992 re-

135 3037 198 3074 rum
217 3019 247 3077 in
265 3019 404 3095 proximis
421 3018 491 3075 locis
508 3025 605 3075 tantae
626 3016 873 3074 dissimilitudines
894 3035 977 3092 saepe

136 3105 212 3169 sunt,
224 3104 257 3155 ut
273 3098 328 3155 alia
344 3098 469 3169 Tusculi,
482 3097 537 3154 alia
552 3097 662 3154 Romae
679 3097 792 3154 eveniat
808 3115 891 3172 saepe
908 3101 977 3151 tem-

136 3185 248 3256 pestas:
271 3178 349 3256 quod
366 3179 416 3256 qui
436 3178 573 3256 navigant
593 3176 717 3235 maxime
738 3176 976 3248 animadvertunt,
