2220 3432
270 133 339 182 LlB.
355 131 402 193 11,
420 131 497 182 CAP.
516 131 764 194 XX111.-xxv.,§
779 136 868 183 59-64.
959 139 991 184 69

150 236 210 296 lum
219 235 298 292 fama
308 253 341 292 ac
349 234 497 292 voluntate
507 234 648 292 tollerent.
683 235 993 307 HincHercules‚hinc

151 317 256 374 Castor
270 322 299 372 et
309 314 422 386 Pollux,
432 315 499 372 hinc
510 315 708 392 Aesculapium
717 315 785 372 hinc
796 315 882 372 Liber
895 316 992 387 etiam,

149 396 227 466 hunc
248 395 313 452 dico
331 394 464 452 Liberum
483 394 596 452 Semela
616 402 724 466 natum,
740 409 799 452 non
816 415 891 467 eum,
907 416 992 473 quem

150 476 241 533 nost-ri
258 475 380 532 maiores
397 482 516 552 auguste
534 482 686 552 sancteque
704 495 770 532 cum
787 474 889 533 Cerere
905 485 934 533 et
948 476 994 533 Li-

149 556 218 612 bera
234 561 478 625 consecraverunt,
492 555 570 632 quod
588 556 670 632 quale
685 556 722 613 sit
739 575 773 612 ex
790 557 935 632 mysteriis
951 557 994 613 in-

148 634 248 712 tellegi
262 641 366 712 potest.
410 633 467 692 Sed
482 634 559 711 quod
575 655 608 691 ex
627 635 710 692 nohis
727 642 810 692 natos
824 636 929 693 liberos
945 656 995 712 ap-

149 715 298 792 pellamus,
310 711 417 772 idcirco
435 714 537 772 Cerere
551 715 612 772 nati
627 715 768 772 nominati
784 723 850 773 sunt
865 715 950 773 Liber
964 725 995 774 et

149 795 268 852 Libera:
292 794 370 872 quod
383 795 414 850 in
428 794 531 852 Libera
548 803 669 866 servant,
679 795 709 852 in
724 795 828 853 Libero
839 815 896 852 non
912 797 991 853 item.

43 887 50 902 ⁰
149 875 229 931 Hinc
251 875 338 932 etiam
361 873 509 946 Romulus,
527 893 612 951 quem
635 875 752 952 quidem
780 877 903 934 eundem
931 896 993 934 esse

150 953 302 1022 Quirinum
317 955 430 1030 putant,
441 973 563 1031 quorum
578 973 643 1011 cum
658 963 836 1014 remanerent
850 956 939 1013 animi
952 963 995 1014 at·

150 1053 206 1110 que
221 1035 389 1091 aeternitate
398 1034 570 1106 fruerentur,
581 1034 636 1092 rite
650 1034 681 1092 di
696 1042 763 1093 sunt
773 1035 874 1108 habiti,
884 1055 948 1094 curn
964 1043 994 1094 et

150 1115 255 1191 optimi
269 1121 363 1172 essent
377 1121 407 1172 et
420 1115 536 1172 aeterni.

191 1200 238 1251 63.
250 1193 317 1250 Alia
328 1213 442 1271 quoque
454 1213 488 1252 ex
499 1195 610 1252 ratione
620 1201 650 1252 et
661 1195 778 1271 quidem
786 1195 906 1272 physica
915 1215 995 1273 mag-

149 1293 188 1330 na
201 1273 285 1331 fluxit
298 1274 456 1331 multitudo
474 1274 602 1346 deorum,
614 1275 663 1351 qui
678 1275 773 1332 induti
788 1277 881 1351 specie
895 1275 995 1332 huma-

149 1373 188 1410 na
204 1353 316 1411 fabulas
332 1355 430 1431 poetis
449 1354 712 1431 suppeditaverunt,
725 1355 876 1412 hominum
897 1362 993 1412 autern

151 1434 240 1490 vitam
254 1434 457 1510 superstitione
473 1435 553 1491 omni
567 1435 748 1492 referserunt.
781 1435 880 1511 Atque
894 1434 940 1492 hic
954 1435 994 1493 lo-

150 1533 201 1570 cus
215 1533 232 1570 a
245 1513 358 1570 Zenone
372 1520 511 1571 tractatus
525 1521 592 1591 post
603 1533 620 1571 a
633 1513 772 1571 Cleanthe
787 1521 815 1571 et
830 1514 995 1592 Chrysippo

150 1593 280 1670 pluribus
294 1593 388 1650 verbis
403 1594 560 1671 explicatus
574 1601 625 1651 est.
664 1593 739 1650 Nam
754 1602 836 1651 vetus
851 1593 920 1651 haec
934 1594 996 1671 opi-

151 1674 201 1730 nic
210 1673 358 1731 Graeciam
368 1674 497 1754 opplevit·
506 1675 613 1732 scilicet
625 1681 770 1732 exsectum
782 1672 900 1731 Caelum
909 1693 926 1730 a
934 1673 995 1731 filio

151 1753 284 1824 Satumo,
294 1755 423 1811 vinctum
434 1761 531 1812 autem
542 1754 697 1812 Saturnum
709 1755 804 1831 ipsum
819 1753 904 1811 afilio
916 1754 994 1812 love.

152 1839 199 1891 64.
215 1833 340 1910 Physica
353 1835 426 1891 ratio
441 1853 499 1891 non
511 1835 656 1910 inelegans
667 1834 776 1892 inclusa
789 1841 833 1892 est
847 1835 876 1891 in
891 1835 995 1912 impias

151 1913 278 1972 fabulas:
297 1914 445 1971 caelestem
458 1915 534 1971 enim
546 1915 714 1971 altissimam
725 1915 937 1991 aetheriamque
947 1935 996 1971 na-

150 2001 255 2066 turam,
267 1993 299 2050 id
313 2000 365 2065 est,
377 1995 501 2070 igneam,
514 2013 585 2072 quae
599 2013 651 2072 per
668 2014 728 2052 sese
743 1995 840 2052 omnia
853 1995 994 2072 gigneret,

150 2093 250 2132 racare
261 2073 414 2132 voluerunt
425 2093 458 2132 ea
468 2083 548 2150 parte
559 2074 695 2151 corporis,
707 2094 778 2151 quae
793 2074 996 2132 coniunctione

151 2153 643 2230 alteriusegeretadprocreandum.
671 2154 770 2213 XXV.
784 2154 939 2212 Saturnum
948 2174 997 2211 an·

151 2241 212 2292 tem
228 2253 293 2292 eum
308 2253 368 2292 esse
379 2234 538 2306 voluerunt,
548 2235 597 2311 qui
608 2254 722 2292 cursum
737 2241 766 2292 et
780 2235 994 2292 conversionem

152 2315 312 2392 spatiorum
329 2333 362 2372 ac
375 2321 539 2391 temporum
558 2315 725 2385 contineret,
739 2315 787 2391 qui
802 2315 872 2372 deus
888 2314 996 2371 Graece

151 2395 184 2452 id
198 2395 292 2472 ipsum
307 2413 414 2451 nomen
429 2393 531 2452 habet:
554 2397 659 2470 Κρόνος
676 2395 752 2451 enim
768 2394 881 2464 dicitur,
892 2395 940 2470 qui
953 2401 995 2450 est

152 2474 229 2533 idem
247 2476 357 2550 χρόνος,
367 2473 398 2530 id
413 2481 464 2544 est,
475 2474 599 2550 spatium
614 2475 761 2551 temporie.
796 2473 935 2531 Saturnus
949 2493 997 2530 au-

151 2561 212 2612 tern
223 2563 265 2612 est
274 2553 441 2632 appellatus
450 2555 528 2630 quod
537 2561 710 2612 saturaretur
719 2554 816 2610 annis:
833 2573 868 2610 ex
880 2573 909 2610 se
918 2554 995 2610 enim

153 2641 237 2691 natos
257 2653 384 2692 comesse
405 2633 524 2710 fingitur
545 2634 654 2705 solitus,
671 2634 738 2710 quia
758 2633 903 2690 consumit
919 2639 996 2690 aetas

152 2716 317 2790 temporum
336 2715 428 2791 spatia
445 2714 583 2790 annisque
600 2713 760 2791 praeteritis
774 2712 998 2769 insaturabiliter

153 2794 293 2872 expletur,
302 2794 417 2851 vinctus
430 2801 525 2850 eutem
543 2813 561 2851 a
574 2792 651 2864 Iove,
663 2813 699 2850 ne
714 2792 921 2850 immoderatos
937 2811 997 2849 cur-

153 2894 202 2930 sus
219 2873 337 2931 haberet
353 2881 438 2952 atque
455 2881 489 2930 ut
505 2893 570 2931 enm
589 2873 714 2930 siderum
731 2872 831 2929 vinclis
848 2871 995 2948 adligaret.

153 2953 213 3012 Sed
226 2954 288 3031 ipse
302 2952 441 3031 luppiter,
451 2952 482 3009 id
500 2960 551 3024 est,
563 2953 689 3009 “iuvans
705 2952 812 3028 pater‚'’
829 2971 914 3029 quem
932 2972 998 3010 ccu-

153 3034 243 3090 vcrsis
257 3033 367 3090 casibus
382 3032 558 3110 appellamus
569 3051 586 3088 a
597 3033 614 3058 “
624 3031 749 3088 iuvando
757 3031 774 3058 ’'
785 3030 918 3103 Iovem,a
929 3039 999 3108 poe-

153 3114 193 3172 tis
216 3113 323 3190 “pater
345 3113 500 3189 divomque
522 3110 753 3187 hominumque’'
776 3111 919 3183 dicitur,a
939 3130 997 3166 ma—

153 3192 264 3253 ioribus
285 3199 381 3250 autem
402 3192 509 3249 nostris
529 3191 683 3264 “optimus
703 3189 872 3262 maximus,”
891 3197 920 3248 et
938 3190 1000 3266 qni⁴
