2224 3446
273 141 342 189 LIB.
352 141 398 201 II.,
411 139 489 190 OAP.
499 140 692 201 XIV.-XVIl.,
706 143 821 204 §ae-38.
922 145 970 192 209

127 242 221 303 Ubi
213 243 254 320 rgi
255 250 303 299 tur
325 241 390 298 illae
414 242 510 298 minae
535 241 714 317 superiorum
739 244 892 300 extorum?
922 252 971 301 aut

127 343 200 402 quae
214 330 275 379 tam
289 321 366 378 subit
354 328 385 378 to
400 321 459 378 fact
447 328 477 378 ta
491 326 534 378 est
548 321 666 378 deorum
682 328 744 378 tant
732 329 762 378 ta
776 321 917 398 placatio?

167 402 251 460 XVI.
275 400 332 459 Sed
349 400 469 458 adfers
461 421 491 457 ιιι
509 401 584 457 tauri
601 401 691 476 opimi
709 402 781 458 extis
802 403 970 460 immolante

127 482 248 540 Caesare
262 500 311 538 cor
325 500 384 536 non
399 480 505 537 fuisse:
527 480 558 537 id
573 481 639 556 quia
653 500 711 537 non
723 501 761 558 po
763 483 850 539 tuerit
864 483 971 540 accide-

127 582 166 633 re,
179 569 212 619 ut
226 561 286 618 sine
301 561 426 617 eorde'
400 567 458 617 vrct
459 561 517 616 ima
527 560 612 616 illa'
587 567 700 631 vireret,
714 561 896 618 iudicandum
910 581 969 620 esse

127 649 191 700 turn
205 640 335 698 interisse
352 659 409 711 eor,
422 659 488 696 oum
503 639 707 697 immolaretur.
751 641 796 698 37.
820 640 876 709 Qui
890 641 923 699 fit
937 650 970 699 ut

127 722 248 778 alterum
262 719 419 796 intellegas,
433 720 493 776 siue
508 719 594 776 corde
605 739 663 776 non
678 720 805 797 potuisse
816 721 919 778 bovem
930 722 970 779 vi-

127 819 201 872 vere,
213 801 334 856 alterum
348 818 407 856 nou
422 799 526 870 rideas,
539 819 588 856 cor
599 798 694 857 subito
708 819 766 857 non
782 801 909 877 petuisse
923 821 970 858 ne-

127 881 187 937 scio
209 899 266 956 quo
291 879 422 936 avolaret
462 879 526 956 Ego
551 880 627 936 enirn
651 899 768 956 possum
795 880 838 938 vel
862 882 970 939 nescire

127 979 200 1036 quae
215 961 257 1015 vis
272 959 310 1016 sit
323 959 417 1016 cordis
431 958 469 1015 ad
482 959 636 1016 vivendum
651 960 694 1016 vel
710 961 848 1037 suspicari
859 969 970 1019 contac-

126 1047 190 1096 tum
208 1038 303 1116 aliquo
320 1038 423 1096 morbo
437 1039 519 1095 bovis
536 1038 608 1095 exile
626 1046 654 1095 et
669 1040 804 1115 exiguum
819 1048 847 1098 et
861 1042 969 1098 vietum

128 1139 177 1176 cor
194 1126 224 1176 et
241 1117 378 1175 dissimile
396 1119 490 1176 cordis
505 1118 602 1175 fuisse.
644 1119 687 1175 Tu
707 1139 773 1176 vero
796 1121 865 1196 quid
882 1120 970 1178 habes

127 1218 184 1276 qua
198 1218 228 1255 re
241 1205 333 1276 putes,
346 1218 370 1255 ει
362 1199 467 1274 paulo
481 1205 531 1255 ant
532 1218 547 1254 e
562 1217 611 1255 cor
624 1199 730 1255 fuerit
700 1204 752 1254 trn
763 1206 846 1256 tauro
860 1201 967 1277 opimo,

128 1279 224 1336 subito
241 1278 297 1335 id'
289 1298 320 1335 ιιι
327 1279 399 1415 'ipsa
415 1278 554 1335 immolat
534 1284 612 1335 trone
629 1279 777 1336 interisset
817 1279 865 1335 An
868 1281 969 1356 ,quod

128 1359 239 1435 aspexit
263 1365 367 1415 vestitu
390 1377 533 1434 purpureo
559 1358 707 1415 excordem
735 1357 915 1415 Caesarem'
885 1379 969 1436 ,ipse

127 1439 213 1497 corde
230 1438 358 1515 privatus
375 1439 436 1495 estl
406 1437 588 1496 Urbem
605 1438 811 1516 philosophiae,
823 1403 896 1495 mihi
913 1459 970 1496 ore-

128 1519 172 1589 de,
185 1518 316 1595 proditis
329 1518 399 1574 dum
414 1524 472 1575 east
460 1518 528 1574 tella
538 1518 702 1576 defenditis.
745 1519 828 1590 Nam,
841 1519 910 1576 dum
922 1518 969 1576 ha·

127 1599 302 1675 ruspicinam
324 1617 419 1655 veram
443 1616 502 1655 esse
525 1597 619 1669 vultis,
639 1597 852 1675 physiologiam
876 1605 968 1656 totam

127 1679 297 1757 pervertitis
341 1677 437 1754 Caput
457 1678 547 1735 estin
564 1678 664 1748 iecore,
683 1679 777 1735 corin
799 1679 888 1736 extis:
911 1679 969 1735 ianr

127 1759 270 1830 abscedet,
283 1757 368 1815 simul
382 1777 414 1814 ac
429 1757 534 1814 molam
549 1764 578 1814 et
591 1758 691 1814 viuum
702 1759 883 1834 insperseris:
899 1759 969 1816 deus

128 1839 160 1896 id
173 1839 284 1916 eripiet,
295 1839 338 1895 vis
352 1838 447 1915 aliqua
460 1837 592 1894 conficiet
606 1844 656 1894 aut
671 1838 779 1896 exedat.
822 1837 888 1896 Non
900 1858 968 1916 ergo

128 1919 259 1976 omnium
270 1918 404 1976 interitus
417 1925 503 1994 atque
514 1917 610 1974 obitus
621 1925 722 1974 natura
733 1918 864 1976 conficiet
876 1927 904 1977 et
916 1920 969 1977 erit

127 1998 237 2076 aliquid
248 1999 326 2076 quod
335 2004 385 2055 aut
397 2017 430 2054 ex
442 1996 531 2054 nihilo
543 1997 650 2054 oriatur
661 2005 710 2054 aut
721 1998 749 2054 in
762 1998 882 2056 nihilum
895 1999 969 2056 subi-

127 2086 159 2136 ιο
168 2078 288 2136 occidat.
320 2078 392 2147 Quis
401 2077 601 2154 hoephysicus
611 2077 683 2134 dixit
693 2081 845 2155 umquaml
877 2079 969 2136 Haru-

128 2159 220 2235 spices
237 2159 345 2216 dieunt.
384 2159 441 2215 His
455 2157 543 2232 igitur
558 2177 643 2234 quam
657 2157 784 2234 physicis
799 2159 896 2235 potius
913 2179 969 2216 cre-

128 2238 426 2295 dendurnexistimasl
459 2237 557 2295 XVII.
594 2243 639 2294 38.
655 2236 749 2305 Quid?
766 2238 969 2315 cumpluribus

128 2318 173 2374 dis
187 2318 360 2388 immolatur,
370 2319 419 2394 qui
433 2318 550 2375 tandem
566 2317 661 2374 evenit
671 2325 704 2373 ut
719 2317 816 2374 litetur
826 2318 896 2388 aliis,
907 2318 969 2374 aliis

128 2417 187 2454 non
198 2397 312 2455 liteturl
349 2397 428 2466 Quae
440 2405 535 2454 autem
544 2396 736 2454 inconstantia
745 2396 863 2453 deorum
875 2404 925 2468 est,
936 2406 969 2455 ιιι

127 2478 229 2555 primis
239 2479 386 2535 minentur
396 2477 477 2548 extis,
490 2476 562 2534 berre
574 2477 745 2554 promittant
756 2476 903 2536 secundis?
919 2486 969 2535 aut

127 2563 209 2615 tanta
222 2558 297 2615 inter
311 2577 360 2615 eos
374 2557 521 2626 dissensio
532 2576 616 2633 saepe
630 2557 716 2613 etiam
728 2556 802 2613 inter
812 2557 967 2632 proximos

127 2644 161 2695 ut
171 2637 316 2714 Apollinis
328 2644 392 2695 exta
403 2637 479 2694 bona
493 2637 558 2707 sint,
568 2636 678 2694 Dianae
689 2655 748 2693 non
758 2635 850 2694 boual
891 2636 969 2705 Quid

127 2724 172 2774 est
187 2724 248 2774 tarn
265 2718 447 2795 perspicuum
465 2735 559 2794 quam,
572 2735 638 2773 cum
655 2716 778 2774 fortuito
794 2716 905 2773 hostiae
922 2716 969 2773 ad-

128 2797 277 2868 ducantur,
287 2797 355 2854 talia
366 2797 469 2874 cuique
483 2804 549 2853 exta
559 2815 627 2866 esse,
639 2797 730 2872 qualis
744 2797 846 2873 cuique
861 2797 969 2872 obtige-

127 2877 166 2933 rit
181 2877 295 2935 hostial
331 2877 374 2934 At
388 2879 464 2933 enim
481 2877 513 2933 id
527 2877 621 2952 ipsum
639 2875 727 2934 habet
743 2876 851 2953 aliquid
869 2876 966 2948 divini,

127 2975 201 3032 quae
222 2958 325 3034 cuique
344 2957 439 3014 hostia
460 2956 599 3032 obtingat,
615 2962 763 3032 tamquam
783 2957 813 3012 in
835 2956 966 3026 sortibus,

128 3055 201 3113 quae
215 3037 262 3094 cui
273 3037 400 3094 ducatur.
436 3035 504 3092 Mox
519 3035 555 3092 de
570 3035 701 3093 sortibus.
741 3035 920 3113 Quamquam
935 3042 967 3092 tu

128 3116 244 3192 quidem
262 3137 321 3173 non
338 3116 497 3173 hostiarum
514 3134 611 3171 casum
632 3114 783 3172 confirmas
800 3118 919 3173 sortium
933 3117 967 3172 si-

126 3195 299 3267 militudine,
312 3196 363 3254 sed
379 3195 504 3252 infirmas
525 3201 616 3251 sortes
632 3194 783 3253 collatione
800 3196 964 3254 hostiarum.

1042 3303 1076 3336 ¹
1096 3297 1099 3394 l
