2242 3436
140 115 189 162 152
400 110 449 160 DE
466 110 718 162 DIVINATIONE.

139 215 303 293 significans
320 215 437 292 aliquid,
448 234 501 292 per
517 233 546 273 11
560 214 624 292 ipsa
640 215 709 273 satis
725 221 811 288 certa,
821 214 982 293 cognitioni

138 305 235 355 autem
251 295 402 353 hominum
417 295 572 354 obscurior.

237 391 433 453 Mollipedesque
443 391 518 439 boras
530 397 669 452 spectantes
679 389 773 439 lumina
784 389 847 439 caeli

236 457 343 506 Naribus
356 456 487 505 umiferum
501 455 594 506 duxere
606 471 638 504 ex
649 457 706 504 111111
717 470 811 505 sucum.

139 540 206 599 Non
222 560 327 619 quaero
341 559 399 611 cur,
413 539 549 617 quoniam
565 539 636 616 quid
650 539 763 597 eveniat
777 539 922 617 intellego.

236 645 293 694 Iam
304 660 362 693 vero
373 659 469 706 semper
479 643 565 692 viridis
576 657 721 706 semperque
731 652 836 702 gravata

236 710 365 759 Lentiscus
377 709 467 772 triplici
479 709 724 768 soliragrandeseere
735 709 788 757 fetu

235 777 286 825 Ter
296 776 378 836 fruges
389 775 494 824 lundens
505 775 554 824 tria
567 783 678 838 temporo
688 782 810 824 monstrat
822 773 916 824 arandi.

139 874 185 928 16.
208 869 237 926 N
239 889 254 926 1
270 870 326 928 hoc
347 870 464 947 quidem
482 888 595 947 quaero,
611 888 662 926 our
677 868 747 927 haec
764 869 849 926 arbor
864 887 922 926 una
937 875 982 926 ter

138 949 238 1007 floreat
255 956 305 1007 aut
321 969 371 1007 cur
387 950 486 1008 arandi
502 949 699 1007 maturitatem
716 949 753 1006 ad
770 949 885 1025 signum
902 947 981 1006 floris

137 1029 343 1088 accommodet
385 1030 452 1088 Hoc
473 1048 536 1087 sum
558 1035 718 1100 contentus,
735 1029 822 1106 quod,
840 1029 928 1086 etiam
956 1028 981 1086 si

138 1128 196 1186 quo
212 1109 301 1167 modo
319 1109 444 1189 quidque
461 1108 511 1168 fiat
528 1110 667 1187 ignorem,
680 1109 751 1186 quid
767 1107 818 1166 fiat
834 1108 979 1186 intellego.

137 1189 195 1246 Pro
210 1190 291 1247 omni
304 1190 393 1267 igitur
407 1189 584 1248 divinatione
597 1189 675 1247 idem
687 1189 765 1266 quod
776 1208 828 1266 pro
839 1189 875 1246 iis
885 1189 980 1262 robus,

137 1289 207 1347 quas
221 1271 450 1342 commemoravi,
463 1269 651 1347 respondebo.
694 1269 731 1326 X.
750 1268 828 1338 Quid
842 1288 982 1326 scammo-

136 1369 206 1408 neae
222 1350 303 1408 radix
320 1350 356 1407 ad
370 1351 561 1427 purgandum,
575 1350 645 1427 quid
659 1349 842 1407 aristolochia
855 1349 892 1407 ad
905 1368 982 1406 mor·

136 1449 184 1488 sua
198 1437 362 1507 serpentum
376 1431 476 1506 possit,
489 1449 561 1507 quae
575 1449 681 1488 nornen
693 1449 727 1488 ex
739 1430 887 1487 inventore
901 1449 981 1506 repc-

136 1511 181 1583 rit,
193 1530 253 1568 rem
267 1511 359 1588 ipsam
375 1510 508 1568 inventor
524 1529 559 1568 ex
576 1510 697 1581 somnio,
709 1509 802 1582 vido0,
815 1509 894 1587 quod
910 1510 981 1566 satis

135 1596 193 1648 cst:
215 1609 266 1648 cur
287 1591 379 1666 possit
400 1590 505 1648 nescio.
548 1590 596 1648 Sic
617 1597 769 1648 vontomm
793 1596 823 1647 11
841 1589 979 1647 imbrium

135 1670 225 1747 signa,
241 1689 313 1747 quae
335 1670 404 1741 dixi,
419 1671 560 1727 rationem
582 1689 668 1747 quam
684 1669 810 1728 habeant
829 1689 889 1728 non
909 1671 980 1728 satis

134 1751 293 1828 perspicio:
315 1750 374 1806 vim
395 1756 425 1807 11
443 1757 578 1810 eventum
599 1769 733 1828 agnosco,
751 1751 820 1822 scio,
837 1750 976 1828 approbo

134 1830 273 1888 Similiter
290 1830 360 1906 quid
373 1827 472 1886 fissum
486 1829 516 1887 in
534 1830 616 1903 extis,
629 1829 700 1907 quid
713 1829 785 1887 fibra
800 1830 893 1888 valeat
906 1831 979 1887 acci-

132 1910 200 1985 pio:
223 1928 295 1985 quae
316 1928 400 1966 causa
416 1910 454 1967 sit
470 1912 575 1968 nescio.
617 1909 716 1987 Atque
734 1910 837 1968 horum
858 1910 977 1988 quidem

135 1988 218 2065 plena
232 1989 291 2045 vita
305 1996 362 2046 est:
380 1990 454 2047 extis
464 1990 541 2047 enim
553 2009 652 2048 omnes
663 1991 724 2048 fere
734 1990 850 2048 utimur.
884 1989 978 2059 Quidl

134 2068 170 2126 dc
180 2068 329 2146 fulgurum
339 2069 368 2126 vi
376 2069 506 2128 dubitare
516 2089 586 2127 num
595 2071 766 2148 possumusl
796 2070 978 2128 Nonneoum

133 2148 225 2206 multa
241 2149 296 2206 alia
311 2149 453 2207 mirabilia
466 2157 529 2208 tum
543 2151 616 2208 illud
630 2150 660 2208 in
674 2151 791 2228 primis:
814 2169 879 2208 cum
894 2149 978 2208 Sum·

135 2247 234 2287 manus
248 2229 279 2286 in
292 2229 411 2307 fastigio
426 2229 503 2288 Iovis
517 2231 622 2308 optimi
635 2231 764 2304 maximi,
774 2231 824 2308 qui
838 2237 901 2288 tum
915 2238 977 2288 erat

133 2308 264 2380 fictilis‚o
279 2310 356 2368 caelo
373 2311 447 2368 ictus
464 2318 605 2368 essetnec
621 2330 743 2387 usquam
756 2311 817 2369 eius
832 2309 976 2368 simulacri

132 2398 219 2466 caput
233 2391 415 2462 inveniretur,
428 2389 591 2468 haruspices
602 2391 632 2448 in
643 2390 770 2449 Tiberim
781 2390 812 2449 id
823 2391 975 2468 depulsum

132 2489 193 2528 esse
207 2471 350 2543 dixerunt,
361 2471 448 2548 idque
462 2471 610 2528 inventum
626 2478 670 2528 111
684 2490 717 2528 eo
732 2471 805 2543 loco,
817 2472 867 2548 qui
881 2477 925 2529 111
938 2471 975 2529 ab

134 2549 566 2627 haruspicibusdemonstratus.
609 2550 663 2608 XI.
707 2550 754 2610 17.
776 2551 835 2609 Sed
851 2570 909 2628 quo
926 2570 977 2628 po-

131 2630 190 2687 tius
207 2638 270 2688 utar
286 2637 336 2688 aut
353 2637 468 2688 auctore
484 2638 534 2688 aut
549 2636 624 2688 teste
641 2650 728 2708 quam
744 2631 792 2688 tel
816 2631 897 2690 ouius
918 2631 976 2689 edi-

132 2709 190 2766 dici
207 2710 294 2766 etiam
311 2728 407 2766 vorsus
424 2717 454 2766 11
467 2709 588 2768 libenter
605 2711 731 2788 quidem,
744 2729 817 2788 quos
832 2711 864 2769 111
878 2729 976 2770 secun-

132 2788 170 2845 do
185 2788 348 2846 consulatus
361 2788 470 2848 Urania
485 2789 567 2846 Musa
578 2791 760 2867 pronuntiat:

229 2881 355 2942 Principio
367 2881 476 2930 aetherio
487 2881 629 2932 flammatus
640 2885 754 2946 Iuppiter
764 2884 817 2946 igni

230 2945 343 2992 Vertitur
354 2954 379 2994 et
390 2955 471 2995 totum
482 2948 609 2996 collustrat
621 2950 714 2999 lumine
726 2951 849 3000 muudum

230 3009 365 3071 Menteque
377 3011 460 3059 divina
472 3012 567 3060 caelum
581 3023 708 3078 terrasque
719 3015 823 3077 petissit,

232 3073 302 3131 Quae
313 3075 409 3134 penitus
421 3091 505 3125 seusus
518 3077 646 3128 hominum
658 3082 770 3143 vitasque
781 3086 889 3130 retentat

230 3138 346 3186 Aetheris
357 3141 450 3189 aeterni
463 3150 547 3205 saepta
558 3152 632 3206 atque
644 3145 738 3194 inclusa
749 3145 868 3195 cavernis.
