2242 3436
271 153 339 203 LIB.
354 152 416 214 111,
427 151 505 201 CAP.
520 151 726 212 XXI.—XXlV.‚
739 150 754 211 ἓ
765 153 854 201 [tl-61.
936 153 985 201 127
1024 219 1028 226 .

144 255 299 334 appellant,
313 254 390 331 quod
404 253 440 310 ab
455 271 489 310 eo
504 253 625 330 seleges
639 253 737 311 ferunt
748 253 896 330 accepisse.
937 259 982 312 58.

143 336 256 394 Dianae
280 338 350 391 item
374 333 486 411 plures:
516 334 609 410 prima
634 332 711 390 Iovis
735 340 764 390 et
787 333 989 410 Proserpinaef

143 436 217 493 quae
232 421 390 492 pennatum
405 413 579 489 Cupidinem
590 413 721 489 genuisse
736 412 848 484 dicitur,
862 413 985 470 secunda

142 496 249 566 notior,
263 514 348 572 quam
360 493 428 551 Iove
442 493 528 551 tertio
542 500 572 550 et
582 492 693 550 Latona
706 500 802 550 natam
814 493 983 569 accepimus

144 577 244 633 tertiae
253 581 335 652 pater
343 573 419 651 Upis
429 573 559 644 traditur,
570 572 676 630 Glauce
685 580 784 630 mater.
819 573 891 629 Eam
900 571 985 630 Grae·

143 657 170 712 ci
188 675 272 731 saepe
292 654 384 730 Upim
401 660 521 730 paterno
542 652 659 710 nomine
680 651 832 730 appellant.
875 651 985 729 Diony-

143 754 192 792 sos
213 734 320 792 multos
342 733 497 791 habemus:
522 733 649 809 primum
671 731 740 789 Iove
762 739 791 790 et
813 731 986 808 Proserpina

143 821 252 885 natum,
269 814 426 872 secundum
444 813 520 884 Nilo,
534 813 583 890 qui
598 812 707 889 Nysam
722 812 827 869 dieitur
843 811 985 869 condidis-

143 913 182 964 se,
192 895 309 952 tertium
321 893 425 950 Cabiro
437 901 526 969 patre,
535 911 657 970 eumque
668 905 764 968 regem
775 891 862 949 Asiae
872 891 985 969 praefu-

143 975 199 1032 isse
216 973 324 1042 dicunt,
336 973 382 1030 cui
397 973 515 1030 Sabazia
531 981 599 1030 sunt
615 973 755 1042 instituta,
767 979 901 1048 quartum
917 971 984 1028 Iove

142 1061 173 1110 et
188 1053 276 1122 Luna,
288 1054 334 1110 cui
349 1073 426 1110 sacra
438 1052 566 1130 Orphica
576 1059 714 1129 putantur
727 1051 838 1122 confici,
852 1052 984 1128 quintum

143 1133 216 1190 Niso
230 1140 330 1190 natum
345 1140 373 1190 et
384 1133 513 1209 Thyone,
526 1153 543 1189 a
557 1152 614 1210 quo
625 1131 797 1190 Trieterides
812 1131 984 1189 constitutae

142 1219 288 1290 putantur.
333 1219 378 1270 59.
401 1213 501 1270 Venus
517 1213 611 1289 prima
627 1211 714 1269 Caelo
731 1220 760 1270 et
777 1212 833 1268 Die
850 1218 925 1282 nata,
938 1231 985 1268 cu-

142 1294 188 1350 ius
202 1293 284 1350 Elide
298 1292 448 1350 delubrum
465 1293 598 1362 vidimus,
610 1292 698 1349 altera
712 1311 814 1368 spuma
826 1297 982 1368 procreata,

143 1392 178 1430 ex
195 1379 295 1450 quaet
309 1372 449 1430 Mercurio
466 1372 640 1449 Cupidinem
656 1372 812 1429 secundum
826 1377 925 1428 natum
941 1390 985 1428 ac-

142 1453 279 1529 cepimus,
291 1453 376 1510 tertia
390 1452 459 1509 Iove
473 1461 541 1510 nata
554 1460 584 1510 et
596 1451 702 1522 Diona,
715 1471 787 1528 quae
801 1451 901 1528 nupsit
914 1450 984 1508 Vol-

142 1552 223 1603 cano,
235 1532 285 1590 sed
299 1551 333 1591 ex
348 1551 382 1589 ea
395 1539 424 1590 et
435 1532 526 1590 Marte
540 1539 624 1590 natus
638 1532 764 1588 Anteros
778 1531 890 1602 dicitur,
903 1549 984 1606 quar-

141 1620 172 1669 ta
193 1612 276 1669 Suria
296 1612 451 1689 Cyproque
468 1618 614 1690 concepta,
631 1631 703 1688 quae
719 1611 835 1669 Astarte
855 1617 981 1681 vocatur,

142 1711 229 1769 quam
244 1693 372 1750 Adonidi
387 1693 516 1770 nupsisse
530 1692 678 1769 proditum
693 1698 743 1749 est.
786 1691 914 1748 Minerva
928 1690 985 1768 pri-

140 1791 197 1843 ma,
210 1791 296 1848 quam
314 1772 459 1849 Apollinis
474 1780 597 1829 matrem
614 1791 699 1849 supra
713 1771 846 1842 diximus
859 1771 983 1828 secunde

141 1859 205 1908 orta
227 1852 303 1922 Nilo,
319 1871 405 1928 quarn
427 1853 568 1930 Aegyptii
585 1852 681 1910 Saitae
701 1851 808 1923 colunt,
823 1851 908 1909 tertia
924 1850 981 1922 illa,

141 1951 228 2008 quam
252 1931 319 1988 Iove
343 1940 506 2009 generatam
533 1950 619 2008 supra
641 1931 774 2002 diximus,
793 1938 894 2008 quarta
914 1930 982 1988 Iove

140 2019 209 2068 nata
223 2018 252 2069 et
266 2011 409 2089 Coryphe,
421 2011 529 2070 Oceani
543 2011 609 2082 filia,
620 2031 706 2089 quam
723 2011 850 2068 Arcades
866 2010 981 2068 Coriam

140 2091 293 2148 nominant
306 2099 336 2148 et
350 2091 551 2168 quadrigarum
565 2091 753 2149 inventricem
763 2091 869 2162 ferunt,
882 2091 983 2168 quinta

37 2195 40 2202 ¹
110 2236 113 2241 ,
139 2171 288 2243 Pallantis,
304 2189 376 2248 quae
392 2178 503 2248 patrem
520 2171 626 2228 dicitur
642 2171 818 2229 interemisse
837 2171 983 2247 virginita-

139 2258 200 2309 tem
212 2270 292 2308 suam
306 2251 411 2308 violare
426 2257 587 2320 conantem,
599 2251 646 2308 cui
656 2269 814 2328 pennarum
826 2250 925 2308 talaria
935 2250 983 2306 ad-

139 2330 242 2406 figunt.
285 2336 331 2388 60.
354 2329 469 2408 Cupido
486 2331 596 2408 primus
613 2330 754 2388 Mercurio
771 2338 800 2387 et
816 2329 911 2386 Diana
927 2329 983 2405 pri-

138 2429 189 2467 ma
209 2417 292 2467 natus
312 2410 425 2480 dicitur,
444 2410 585 2468 secundus
604 2409 745 2468 Mercurio
762 2416 792 2466 et
807 2409 921 2466 Venere
942 2428 983 2465 sc-
1012 2429 1014 2434 ·

139 2489 242 2559 cunda,
254 2490 364 2560 tertius,
377 2490 426 2566 qui
440 2490 517 2548 idem
532 2497 576 2548 est
589 2490 722 2560 Anteros,
735 2488 827 2546 Marte
843 2495 873 2545 et
889 2487 982 2546 Vene-

138 2589 169 2626 re
186 2570 279 2627 tertia
322 2569 419 2647 Atque
436 2569 506 2627 haec
527 2570 644 2647 quidem
665 2577 695 2627 et
711 2569 772 2626 eius
788 2568 869 2625 modi
886 2587 920 2624 ex
937 2587 983 2624 ve

138 2657 200 2706 tore
214 2648 349 2706 Graeciae
359 2649 438 2706 fama
452 2649 570 2708 collecta
584 2656 660 2720 sunt,
671 2649 774 2727 quibus
785 2648 927 2724 intellegis
941 2667 982 2704 re

139 2728 299 2785 sistendum
321 2748 389 2799 csse,
405 2748 440 2786 ne
458 2729 661 2805 perturbentur
681 2729 840 2806 religiones
883 2727 980 2786 Vestri

138 2815 237 2865 autem
258 2827 316 2864 non
339 2808 427 2865 modo
444 2809 513 2865 haec
535 2827 592 2866 non
616 2808 758 2879 refellunt,
774 2827 872 2866 verum
894 2807 980 2865 etiarn

138 2887 311 2944 confirmant
321 2887 536 2964 interpretando
548 2908 683 2965 quorsum
696 2888 821 2966 quidque
830 2888 979 2965 pertineat.

138 2966 198 3024 Sed
211 2986 246 3024 eo
260 2967 326 3038 iam,
339 2967 415 3024 unde
429 2967 485 3025 huc
499 2967 625 3044 degressi
639 2987 745 3038 sumus,
758 2975 939 3025 revertamur.

180 3047 295 3105 XXIV.
338 3053 384 3104 61.
408 3046 487 3104 Num
502 3065 599 3104 censes
612 3047 702 3123 igitur
712 3046 860 3104 subtiliore
870 3047 981 3104 ratione

138 3145 214 3203 opus
228 3146 288 3184 esse
302 3127 339 3184 ad
354 3126 423 3184 hace
436 3126 608 3184 refellendal
647 3124 721 3182 Nam
736 3133 872 3196 mentem,
884 3125 980 3192 fidem,

138 3225 230 3282 spem,
240 3207 384 3277 virtutem,
396 3205 544 3274 honorem,
556 3205 713 3272 victoriam,
726 3204 854 3272 salutem,
867 3223 981 3261 concor·
