2220 3432
245 138 315 187 ms.
330 138 363 198 1.‚
375 137 453 186 car.
469 136 732 197 xxva-xxviii,
747 134 761 195 a
774 138 862 185 raro.
944 139 977 185 ac

135 245 231 297 essent
244 238 401 310 simulacra,
415 257 487 316 quae
498 244 665 296 venerantes
678 238 749 294 deos
762 237 841 313 ipsos
855 257 884 294 se
899 238 977 295 adire

135 319 300 377 crederentl
347 319 500 382 Auxerunt
524 326 620 376 autern
644 316 715 374 haec
739 316 839 374 eadem
863 325 976 393 poetae,

134 400 267 476 pictores,
284 398 408 476 opifices.
451 398 521 456 Erat
535 399 612 455 enirn
627 417 685 454 non
700 397 784 454 facile
799 407 916 473 agentes
930 398 979 454 ali·

135 479 250 555 quidet
266 479 418 538 molientes
435 479 505 536 deos
521 479 551 535 in
569 477 687 534 aliarum
705 477 864 533 formarum
886 477 979 534 imita-

134 560 215 616 tione
237 578 354 617 servare.
397 559 528 616 Accessit
549 558 636 614 etiam
654 557 709 614 ista
730 557 829 633 opinio
846 557 976 627 fortasse,

136 638 215 716 quod
229 639 340 696 homini
355 638 473 696 homine
490 637 637 715 pulchrius
653 636 726 694 nihil
742 637 877 694 videatur.
921 636 978 695 Sed

134 727 168 776 tu
183 718 247 788 hoc,
259 718 386 796 physice,
402 737 461 776 non
475 718 555 775 vides
572 737 658 794 quam
674 717 780 774 blanda
800 716 978 774 conciliatrix

135 806 165 855 et
187 818 271 876 quarn
290 799 334 856 sui
351 799 388 856 sit
405 798 469 855 lena
484 799 602 855 natural
642 796 690 853 An
708 804 792 874 putas
809 796 896 854 ullam
918 817 978 854 esse

134 886 211 936 terra
230 879 359 956 marique
380 878 493 936 beluam
517 897 589 955 quae
614 896 674 934 nou
695 878 739 934 sui
760 878 873 954 generis
894 876 978 934 belua

135 959 260 1016 maxime
274 959 448 1016 delecteturl
481 957 567 1027 Quod
578 960 608 1014 ni
618 958 660 1014 ita
671 963 751 1028 esset,
763 976 814 1014 cur
824 976 882 1014 non
893 957 979 1034 gesti·

135 1045 179 1096 ret
193 1046 291 1097 taurus
308 1058 397 1117 equae
414 1040 647 1107 contrectatione,
663 1057 754 1114 equus
770 1038 889 1095 vaccael
929 1037 978 1094 An

134 1126 167 1176 tu
189 1119 313 1196 aquilam
335 1127 386 1176 aut
402 1118 515 1176 leonem
536 1126 586 1176 aut
606 1118 774 1194 delphinum
797 1117 884 1175 ullam
902 1124 979 1174 ante

135 1199 210 1256 ferre
224 1219 321 1257 censes
334 1198 456 1276 figuram
471 1200 555 1256 suaet
573 1198 643 1276 quid
657 1199 745 1274 igitur
758 1197 872 1267 mirum,
885 1197 909 1254 si
923 1197 979 1255 hoc

135 1279 238 1337 eodem
252 1279 340 1336 modo
351 1279 463 1336 homini
473 1286 576 1336 natura
586 1279 775 1355 praescripsit,
788 1286 821 1335 nt
834 1277 906 1335 nihil
917 1277 979 1354 pul-

136 1359 231 1417 chrius
246 1379 331 1436 quam
346 1359 494 1416 hominem
509 1365 631 1436 putaret,
644 1378 707 1416 earn
725 1377 785 1414 esse
800 1376 913 1414 causam
929 1376 979 1414 cur

135 1439 205 1497 deos
219 1439 369 1497 hominurn
385 1439 491 1496 similes
505 1439 689 1516 putaremus?

176 1519 321 1578 XXVIII.
366 1519 411 1577 78.
435 1518 512 1587 Quid
533 1537 638 1589 censes,
655 1517 679 1574 si
699 1516 773 1574 ratio
794 1522 868 1573 esset
885 1517 915 1572 in
932 1514 979 1572 be·

135 1599 210 1657 luisl
231 1619 289 1657 non
311 1619 363 1656 suo
385 1618 511 1676 quasque
532 1599 630 1674 generi
650 1597 804 1674 plurimum
823 1595 979 1658 tributuras

135 1680 244 1738 fuisset
273 1681 315 1737 At
329 1679 490 1737 mehercule
505 1678 695 1756 ego—dicam
707 1677 783 1734 enim
799 1683 831 1734 ut
846 1677 979 1734 sentio-

137 1761 267 1838 quamvis
291 1779 383 1817 amem
410 1759 471 1836 ipse
496 1779 550 1830 me,
566 1765 662 1816 tamen
687 1776 746 1814 non
768 1757 860 1815 audeo
885 1757 979 1814 dicere

135 1841 329 1918 pulchriorem
339 1859 399 1897 esse
408 1859 463 1909 me,
473 1859 559 1917 quam
571 1838 617 1896 ille
629 1838 717 1896 fuerit
727 1844 833 1908 taurus,
843 1838 979 1915 quiverit

135 1921 291 1997 Europam.
334 1920 402 1977 Non
423 1920 500 1978 enim
517 1920 573 1977 hoc
593 1919 658 1976 loco
675 1918 711 1976 de
727 1919 851 1995 ingeniis
872 1925 922 1976 aut
942 1918 979 1974 de

137 2001 315 2058 orationibus
335 2000 449 2072 uostris,
465 2000 514 2057 sed
535 2000 571 2057 de
592 1999 686 2076 specie
707 1998 854 2075 figuraque
872 1998 979 2076 quaeri-

136 2087 193 2138 tur.
235 2079 321 2148 Quod
342 2081 366 2137 si
383 2080 491 2156 fingere
510 2079 595 2136 nobis
610 2087 639 2136 et
653 2079 771 2154 iungere
787 2078 896 2135 formas
913 2077 979 2136 veli-

136 2180 210 2232 mus,
221 2160 311 2238 qualis
321 2160 370 2218 ille
381 2160 542 2217 maritimus
552 2159 654 2216 Triton
670 2159 799 2235 pingitur
813 2157 979 2215 natantibus

136 2240 275 2298 invehens
286 2240 377 2298 boluis
391 2241 533 2297 adiunctis
543 2239 670 2296 hnmano
685 2239 807 2315 corpori,
819 2239 893 2296 nolis
907 2257 975 2296 esse.

136 2319 256 2378 Difficili
270 2321 301 2378 in
315 2321 378 2378 loco
394 2339 496 2378 versor.
539 2319 592 2376 Est
606 2319 683 2376 enirn
699 2319 741 2375 vis
755 2326 836 2376 tanta
850 2326 976 2389 naturae,

136 2408 171 2458 ut
184 2401 272 2458 homo
293 2420 379 2458 nemo
394 2400 462 2458 velit
478 2399 534 2456 nisi
550 2399 677 2456 hominis
698 2398 799 2456 similis
819 2418 887 2456 esse.
931 2398 946 2455 7
951 2404 976 2456 9.

137 2481 177 2538 Et
192 2481 307 2558 quidem
323 2481 445 2538 formica
458 2480 603 2537 formicae.
646 2478 703 2536 Sed
720 2487 816 2536 tamen
834 2479 915 2535 cuius
929 2478 979 2535 ho-

136 2561 243 2618 minisl
284 2560 396 2629 Quotus
411 2561 487 2618 enim
502 2561 622 2637 quisquc
635 2560 780 2616 formosus
794 2559 855 2616 estl
889 2557 979 2615 Athe-

137 2641 271 2698 niseum
296 2660 427 2712 essem,e
447 2641 582 2717 gregibus
605 2639 780 2715 epheborum
803 2638 850 2694 vix
873 2637 979 2714 singuli

137 2722 359 2798 reperiebantur.
403 2721 498 2778 Video
516 2720 587 2798 quid
603 2720 742 2788 adriseris,
756 2717 806 2775 sed
822 2718 863 2774 ita
879 2724 977 2774 tamen

138 2821 169 2858 se
183 2821 227 2859 res
241 2801 336 2859 habet.
377 2800 491 2858 Deinde
509 2800 600 2871 nobis,
613 2800 662 2876 qui
680 2798 902 2856 concedentibus
916 2797 979 2874 phi·

138 2880 267 2958 losophis
281 2881 407 2958 antiquis
418 2879 636 2938 adulescentulis
648 2879 829 2949 delectamur,
841 2877 928 2934 etiam
940 2879 980 2934 vi-

138 2962 180 3020 tia
200 2981 284 3039 saepe
305 2961 429 3018 iucunda
449 2966 523 3018 sunt.
573 2960 687 3016 Naevus
706 2959 737 3014 in
758 2957 877 3014 articulo
898 2959 979 3034 pueri

139 3041 263 3100 delectat
277 3041 423 3098 Alcaeum.
466 3040 509 3097 At
529 3047 572 3096 est
593 3037 720 3114 corporis
736 3036 848 3094 macula
864 3055 977 3106 naevus.

140 3121 188 3179 Illi
206 3130 304 3179 tamen
318 3121 373 3178 hoc
391 3120 487 3177 lumen
505 3119 661 3176 videbatur.
704 3115 738 3184 Q.
754 3116 881 3185 Catulus,
894 3115 979 3171 huius

141 3201 265 3279 collegae
279 3201 471 3260 etfamiliaris
485 3199 574 3255 nostri
590 3205 677 3274 pater,
691 3195 791 3253 dilexit
804 3195 979 3269 municipem

141 3289 224 3339 tumn
239 3282 385 3353 Roscium,
397 3281 427 3338 in
442 3299 526 3354 quern
542 3279 628 3335 etiam
643 3275 714 3332 illud
728 3282 771 3332 est
786 3276 862 3332 eius:
