2220 3432
267 143 337 192 LIB.
352 143 400 206 IL,
414 144 492 193 CAI'.
506 142 730 204 XX.-XXIII„§
747 146 837 193 53-59.
944 148 976 196 67

132 265 201 324 ergo
216 245 413 304 admirabilem
430 245 561 304 ordinem
576 245 829 322 incredibilemque
846 252 977 304 constan-

132 328 212 398 tiam,
223 347 258 384 ex
273 346 329 404 qua
343 327 522 384 conservatio
539 333 569 384 et
580 325 654 383 salus
669 325 798 383 omniurn
814 327 909 383 omnis
923 327 977 383 ori-

132 415 187 478 tur,
198 407 248 484 qui
259 425 357 464 vacare
371 414 468 464 mente
478 413 571 483 putat,
582 406 607 464 is
617 406 678 483 ipse
695 406 801 463 mentis
815 425 915 482 expers
929 406 976 462 ha·

131 487 244 544 bendus
255 495 305 544 est.
349 487 386 543 57
389 531 396 544 ,
414 486 503 544 Haud
517 505 593 563 erge,
603 493 637 543 ut
651 485 762 562 opinor,
775 505 911 555 erravere,
922 486 946 543 si
960 506 978 544 a

132 567 262 644 principe
282 566 497 643 investigandae
518 567 645 624 veritatis
666 565 752 624 huius
772 565 977 642 disputationis

132 647 307 724 principium
322 647 437 704 duxero.
480 645 579 704 XXII.
596 645 672 703 Zeno
687 646 776 722 igitur
790 646 831 703 ita
844 655 975 702 naturam

131 727 241 797 definit,
254 734 287 784 ut
299 746 364 784 eam
377 727 456 783 dicat
469 725 567 803 ignom
584 745 644 784 esse
661 725 847 783 artificiosum
865 725 901 782 ad
915 726 977 802 gig·-

131 806 258 864 nendum
269 807 501 884 progredientem
514 807 567 863 via
602 805 707 862 Censet
719 805 794 862 enim
807 806 875 862 artis
889 807 977 862 maxi-

131 906 178 943 me
193 888 343 964 proprium
357 906 417 944 esse
431 906 525 943 creare
540 893 569 943 et
582 886 708 962 gignere,
719 885 854 962 quodque
865 885 895 942 in
910 905 976 961 ope·

131 966 210 1024 ribus
225 974 386 1024 nostrarum
400 967 505 1023 artium
521 986 622 1023 manus
637 965 748 1035 efficiat,
759 965 789 1022 id
804 965 896 1023 multo
911 965 976 1021 arti-

130 1045 257 1104 ficiosius
270 1055 402 1104 naturam
417 1045 533 1117 efficere,
544 1046 575 1103 id
589 1053 640 1116 est,
651 1053 684 1103 ut
698 1046 766 1118 dixi,
779 1045 876 1122 ignem
890 1044 976 1102 artifi-

130 1127 250 1198 ciosum,
266 1128 435 1204 magistrum
456 1127 561 1183 artium
583 1127 764 1203 reliquarum.
807 1125 905 1202 Atque
922 1124 975 1184 hae

131 1206 249 1280 quidem
263 1208 373 1264 ratione
388 1207 482 1264 omnis
496 1217 598 1264 natura
611 1205 763 1264 artificiosa
777 1213 828 1278 est,
839 1204 918 1282 quod
928 1205 976 1262 ha-

133 1287 181 1343 bet
198 1287 279 1364 quasi
295 1285 371 1342 viam
389 1285 533 1362 quandam
557 1293 586 1344 et
600 1295 714 1357 sectam,
728 1305 812 1362 quam
831 1292 973 1362 sequatur.

131 1372 179 1423 58.
193 1366 287 1443 Ipsius
295 1385 362 1423 vero
374 1367 483 1436 muudi,
496 1367 546 1443 qui
557 1367 654 1423 omnia
665 1365 816 1442 complexu
831 1385 883 1422 suo
898 1371 976 1422 coer·

129 1452 177 1502 eet
191 1454 220 1503 et
233 1447 371 1517 continet,
385 1455 486 1504 natura
499 1467 557 1503 uon
571 1445 723 1504 artificiosa
739 1445 840 1515 solum,
853 1444 904 1502 sed
917 1445 975 1521 pla-

130 1545 167 1582 ne
178 1527 282 1584 artifex
294 1525 329 1583 ab
344 1526 443 1583 eodem
457 1526 570 1584 Zenone
582 1526 695 1596 dicitur,
704 1525 860 1583 consultrix
871 1533 900 1582 et
911 1544 975 1601 pro-

130 1605 198 1662 vida
213 1607 368 1664 utilitatum
384 1606 691 1683 opportunitatumque
703 1605 841 1662 omnium.
875 1605 975 1682 Atque

131 1692 164 1742 ut
179 1694 288 1743 ceterae
302 1693 419 1743 naturae
430 1686 488 1743 suis
499 1685 656 1744 seminibus
668 1704 795 1763 quaeque
806 1685 973 1763 gignuntur,

130 1774 296 1842 augescunt,
310 1767 500 1837 continentur,
514 1767 553 1824 sic
568 1773 670 1824 natura
682 1767 785 1823 mundi
798 1785 899 1824 omnes
915 1785 975 1823 mo-

130 1853 178 1902 tus
189 1845 276 1904 habet
284 1845 459 1904 voluntarios
470 1852 645 1924 conatusque
657 1852 686 1904 et
694 1846 894 1922 appetitiones,
904 1865 974 1924 quas

129 1927 216 2000 ὁρμὰς
230 1926 331 1984 Graeci
345 1933 456 1996 vocant,
470 1933 499 1983 ct
512 1925 558 1983 his
571 1933 775 1984 consentaneas
792 1927 919 1984 actiones
933 1927 974 1984 sio

130 2005 250 2064 adhibet
266 2013 299 2063 ut
312 2013 426 2064 nosmet
443 2007 507 2083 ipsi,
522 2006 571 2084 qui
585 2007 688 2063 animis
704 2026 854 2063 movemur
870 2014 900 2064 et
914 2025 975 2064 sen-

130 2086 217 2144 sibus.
260 2085 337 2143 Talis
350 2086 440 2162 igitur
453 2105 534 2144 mens
550 2086 653 2143 mundi
666 2106 733 2143 cum
750 2087 788 2143 sit
802 2086 839 2143 ob
854 2105 974 2163 eamque

129 2165 304 2223 causamvcl
318 2165 472 2242 prudentia
486 2166 531 2224 vel
547 2166 729 2243 providentia
745 2166 882 2243 appellari
898 2174 974 2224 recte

130 2245 370 2323 possit-Graece
391 2247 468 2303 eninr
489 2248 604 2322 πρόνοια
625 2246 840 2306 dicitur—haec
861 2247 974 2324 potissi·

131 2347 210 2384 urum
223 2327 355 2403 providet
366 2326 435 2384 etin
447 2326 492 2383 his
503 2327 627 2384 maxime
638 2333 682 2383 est
691 2333 836 2402 occupata,
847 2327 973 2402 primum

130 2413 164 2462 ut
174 2406 299 2464 mundus
310 2425 396 2484 quam
408 2407 573 2483 aptissimus
585 2407 625 2463 sit
635 2406 672 2464 ad
682 2407 917 2482 permanendum,
928 2407 975 2464 de-

130 2487 198 2542 inde
210 2495 242 2543 ut
252 2487 330 2543 nulla
344 2506 373 2544 re
388 2493 478 2563 egeat,
489 2487 614 2544 maxime
627 2494 724 2544 autem
738 2493 772 2543 ut
782 2486 812 2542 in
824 2505 858 2542 eo
869 2486 975 2542 eximia

130 2565 315 2642 pulchritudo
325 2567 362 2623 sit
371 2574 457 2642 atque
467 2567 560 2623 omnis
569 2573 694 2624 amatus.
717 2564 831 2622 XXIII.
849 2571 894 2622 59.
908 2565 974 2622 Dic·

129 2655 194 2702 tum
205 2652 249 2703 est
259 2646 294 2703 de
306 2646 437 2703 universo
448 2647 567 2718 mundo,
578 2646 687 2703 dIctum
703 2653 745 2702 est
756 2645 843 2702 etiam
856 2645 891 2702 de
902 2646 974 2702 sidc-

129 2725 339 2796 ribus,utia1n
359 2726 571 2802 propemodum
591 2733 727 2802 appareat
743 2724 900 2782 multitudo
922 2744 973 2782 nec

129 2807 303 2863 cessantium
322 2805 444 2863 deorum
465 2825 517 2863 nec
534 2826 575 2876 ea,
592 2825 668 2884 quae·
680 2811 775 2882 agant,
791 2804 972 2862 molientium

129 2905 195 2942 cunr
211 2885 307 2943 labore
318 2897 443 2963 'operoso
458 2905 490 2942 ac
504 2886 634 2943 molesto.
678 2885 744 2942 Non
760 2884 836 2940 enim
851 2885 930 2941 venis
944 2893 974 2941 et

129 2966 224 3022 nervis
239 2972 268 3022 ct
281 2966 394 3023 ossibus
407 2966 599 3037 continentur,
612 2985 665 3022 uec
679 2965 715 3021 iis
731 2965 803 3021 escis
817 2972 867 3021 aut
881 2965 973 3041 potio·

129 3045 215 3102 nibus
226 3053 387 3113 vescuntur,
397 3053 430 3102 ut
441 3052 491 3102 aut
505 3045 591 3101 nimis
606 3064 682 3101 acres
697 3051 747 3101 aut
760 3044 847 3100 nimis
861 3063 974 3102 concre-

129 3134 177 3181 tos
194 3145 307 3182 umores
328 3123 472 3202 colligant,
486 3144 537 3182 nec
554 3125 589 3180 iis
606 3123 773 3200 corporibus
794 3129 868 3193 sunt,
881 3130 914 3180 ut
930 3143 973 3180 ca-

129 3224 178 3262 sus
192 3213 243 3262 aut
257 3205 330 3262 ictus
345 3206 532 3262 extimescant
542 3210 592 3261 aut
602 3203 719 3260 morbos
732 3209 864 3261 metuant
877 3222 912 3259 ex
926 3201 973 3258 de·
