2220 3432
116 114 148 160 16
340 111 390 160 DE
407 110 557 160 NATURA
572 111 732 161 DEORUM.

81 212 84 217 ’
116 211 213 270 Solem
230 211 369 288 adiungit,
382 219 569 288 octavamque
587 211 705 283 Lunam,
723 211 771 289 qui
794 231 851 288 quo
873 231 957 270 sensu

116 293 192 350 beati
213 312 273 350 esse
294 293 406 368 possint
422 291 549 368 intellegi
569 311 628 349 non
644 299 748 369 potest.
791 291 835 348 Ex
856 292 957 350 eadem

115 372 246 430 Platonis
261 372 358 430 schola
371 372 510 430 Ponticus
524 371 691 439 Heraclides
704 371 862 449 puerilibus
876 372 958 430 fabu-

115 453 150 510 lis
171 453 284 510 refersit
304 452 400 524 libros
413 460 442 509 et
463 459 525 509 tum
543 497 550 510 .
566 496 595 510 ..
615 453 704 509 modo
724 451 874 522 mundum,
893 449 955 509 turn

115 541 242 590 mentem
259 533 385 590 divinam
403 551 463 590 esse
480 539 572 609 putat,
584 532 743 589 errantibus
760 532 845 590 etiam
868 532 958 588 stellis

116 613 296 670 divinitatem
306 613 408 670 tribuit
423 631 563 688 sensuque
577 612 663 669 deum
674 612 768 688 privat
783 619 812 668 et
825 613 886 669 eius
900 612 957 669 for·

114 713 192 750 mam
209 691 378 750 mutabilem
396 711 455 750 esse
470 692 539 763 vult,
552 692 711 769 eodemque
725 693 755 748 in
770 691 843 750 libro
860 711 957 749 rursus

115 783 220 830 terram
234 779 264 830 et
278 771 387 830 caelum
404 773 492 829 refert
506 772 535 828 in
550 771 627 829 deos.
663 779 709 829 35.
728 764 789 829 Ne'c
803 791 869 828 vero
884 771 957 828 Tbe-

77 908 87 926 ,
116 853 245 930 ophrasti
259 853 451 909 inconstantia
464 851 583 909 ferenda
596 859 656 909 est:
673 852 762 909 modo
777 852 854 909 enim
865 852 957 909 menti

116 933 245 989 divinum
260 931 362 989 tribuit
372 932 574 1009 principatum,
586 932 673 989 modo
685 932 771 1003 caele,
782 939 846 989 tum
859 938 956 989 autem

116 1013 205 1090 signis
219 1011 414 1089 sideribusque
429 1012 604 1070 caelestibus,
647 1012 708 1069 Nec
723 1012 881 1071 audiendus
895 1012 957 1068 eius

115 1093 229 1150 auditor
240 1092 345 1162 Strato,
357 1093 382 1149 is
393 1093 442 1169 qui
453 1092 589 1170 physicus
603 1092 768 1170 appellatur,
779 1093 829 1170 qui
840 1111 956 1150 omnem

116 1173 173 1229 vim
186 1172 313 1230 divinam
324 1173 354 1229 in
369 1180 471 1230 natura
485 1173 569 1229 sitam
583 1192 644 1230 esse
658 1181 762 1243 censet,
776 1192 847 1250 quae
859 1191 957 1230 causas

115 1253 262 1329 gignendi,
275 1253 406 1329 augendi,
419 1253 568 1310 minuendi
579 1252 690 1322 habeat,
704 1252 754 1310 sed
769 1260 862 1311 careat
876 1252 956 1310 omni

116 1352 200 1390 sensu
217 1339 246 1391 et
263 1333 360 1410 figura.
403 1332 486 1390 XIV.
523 1338 568 1390 36.
587 1333 664 1390 Zeno
679 1341 783 1404 autem,
795 1341 829 1390 ut
844 1333 901 1390 iam
920 1332 957 1389 ad
1017 1357 1019 1361 ·

115 1420 232 1484 vestros,
244 1413 343 1485 Balbe,
353 1413 474 1484 veniam,
485 1413 642 1470 naturalem
654 1412 746 1490 legem
758 1413 885 1469 divinam
896 1431 957 1469 esse

115 1501 211 1551 censet
232 1513 352 1570 eamque
366 1494 426 1550 vim
444 1493 574 1550 obtinere
595 1500 673 1550 recta
689 1493 879 1570 imperantem
893 1511 957 1569 pro-

115 1574 321 1651 hibentemque
335 1574 483 1631 contraria.
527 1573 619 1642 Quam
634 1572 726 1649 legem
742 1593 800 1650 quo
814 1573 902 1629 modo
917 1573 957 1628 ei-

115 1653 195 1712 ficiat
208 1655 383 1712 animantem
401 1652 565 1730 intellegere
581 1671 638 1710 non
657 1672 817 1729 possumus
860 1652 956 1710 Deum

116 1741 212 1791 autem
234 1735 408 1791 animantem
431 1739 506 1790 certe
527 1732 659 1790 volumus
680 1751 747 1790 esse.
793 1733 889 1811 Atque
909 1732 957 1790 hic

116 1814 194 1870 idern
208 1813 264 1870 alio
279 1812 342 1870 loco
357 1812 472 1870 aethera
486 1813 572 1869 deum
588 1813 666 1884 dicit,
680 1813 703 1869 si
717 1812 846 1890 intellegi
860 1820 958 1889 potest

116 1893 188 1950 nihil
206 1894 331 1951 sentiens
348 1893 426 1962 deus,
438 1893 487 1968 qui
503 1912 649 1969 nunquam
667 1893 751 1950 nobis
768 1894 891 1951 occurrit
911 1913 959 1950 ne-

117 1993 172 2051 que
183 1974 212 2030 in
223 1973 355 2050 precibus
365 1992 458 2049 neque
469 1973 499 2028 in
510 1973 616 2047 optatis
627 1991 719 2050 neque
730 1974 759 2030 in
771 1975 854 2032 votis.
882 1973 958 2030 Aliis

117 2061 213 2112 autern
230 2053 310 2111 libris
331 2053 471 2109 rationem
492 2052 635 2129 quandam
651 2072 703 2128 per
724 2053 854 2109 omniurn
874 2060 955 2111 natu-

116 2154 177 2192 ram
194 2152 288 2190 renrm
305 2133 496 2209 pertinentem
511 2131 539 2188 vi
553 2131 650 2188 divina
667 2151 727 2188 esse
744 2131 886 2190 adfectam
907 2150 959 2207 pu-

117 2223 168 2272 tat.
205 2213 285 2270 Idem
301 2213 383 2270 astris
397 2211 452 2269 boc
467 2213 542 2269 idem
554 2211 664 2282 tribuit,
677 2219 739 2269 tum
754 2212 843 2281 annis,
856 2211 958 2268 mensi-

118 2295 171 2351 bus
188 2312 385 2369 annorumque
402 2291 618 2350 mutationibus.
661 2292 736 2349 Cum
750 2311 817 2349 vero
835 2291 958 2349 Hesiodi

118 2374 303 2451 theogoniam
320 2367 363 2446 [id
377 2380 428 2443 est,
439 2373 579 2449 originem
597 2369 729 2450 deorum]
744 2372 956 2448 interpretatur,

118 2454 195 2512 tollit
210 2455 328 2511 omnino
346 2454 464 2511 usitatas
478 2460 683 2530 perceptasque
698 2453 879 2530 cognitiones
892 2452 958 2509 deo-

118 2555 190 2592 rum.
236 2534 337 2612 Neque
361 2535 439 2591 enirn
461 2534 560 2592 Iovem
584 2552 676 2610 neque
701 2533 842 2590 lunonem
866 2551 958 2608 neque

119 2615 238 2673 Vestam
253 2633 345 2692 neque
361 2633 542 2691 quemquam,
554 2614 603 2690 qui
616 2614 658 2670 ita
671 2612 837 2690 appellatur,
847 2612 878 2668 in
893 2612 958 2669 deo-

118 2715 183 2752 rum
200 2694 286 2752 habet
303 2714 431 2761 numero,
448 2693 498 2751 sed
514 2693 598 2751 rebus
614 2694 750 2750 inanimis
770 2699 856 2769 atque
871 2694 959 2750 mutis

121 2791 171 2847 per
188 2772 330 2846 quandam
356 2774 594 2851 significationem
605 2773 675 2830 hacc
689 2774 774 2830 docet
788 2772 897 2830 tributa
909 2791 959 2829 no

120 2858 206 2911 mina.
242 2854 287 2911 37.
306 2853 394 2911 Cuius
406 2853 537 2930 discipuli
548 2854 693 2911 Aristonis
704 2872 762 2909 non
773 2853 869 2909 minus
882 2871 960 2929 mag-

121 2952 159 2989 no
173 2934 204 2989 in
219 2952 311 2990 errore
328 2934 469 2991 sententia
483 2940 533 3004 est,
545 2935 594 3010 qui
611 2952 703 3010 neque
719 2934 843 2990 formam
858 2933 904 2990 dei
919 2934 960 2989 in-

121 3012 218 3088 tellegi
232 3032 315 3089 posse
332 3021 444 3070 censeat
460 3033 552 3090 neque
566 3015 596 3070 in
614 3014 658 3070 dis
675 3033 787 3070 sensum
806 3032 866 3070 esse
883 3013 960 3070 dicat

123 3092 291 3168 dubitetque
308 3094 426 3150 omnino
443 3093 513 3151 deus
527 3094 656 3150 animans
671 3113 759 3150 necne
774 3094 818 3150 sit.
861 3092 960 3150 Clean·

122 3171 186 3229 thes
205 3173 367 3245 autem‚qui
384 3172 527 3232 Zenonem
544 3174 655 3231 audivit
670 3192 806 3231 unacum
821 3192 863 3243 eo,
875 3193 959 3249 quern
