2224 3446
317 133 386 182 ma.
396 131 534 193 11.‚car.
544 131 799 194 vr.-rx.‚§1r-2a
932 139 980 185 203

138 240 172 292 nt
185 252 222 290 nc
236 231 308 290 illud
322 232 437 310 quidem
456 233 543 290 sciam
560 232 641 310 quale
660 234 705 305 sit,
719 235 797 311 quod
811 234 981 294 Deiotarum

138 313 310 371 familiarem
324 318 455 370 nostrum
470 319 499 370 et
513 314 702 370 necessarium
719 333 754 371 ex
769 314 870 372 itinere
887 317 982 393 aquila

138 393 289 451 revocavit.
333 392 390 461 Qui
404 393 460 448 nisi
475 393 644 464 revertisset,
656 393 686 450 in
701 413 735 450 eo
753 394 881 453 conclavi
896 397 921 453 ei
936 416 982 454 cu-

139 473 266 531 bandum
282 473 392 544 inisset,
406 473 484 550 quod
498 473 630 550 proxima
644 481 733 531 nocte
743 475 857 532 corruit.
887 475 982 533 Ruina

138 554 229 630 igitur
243 573 394 630 oppressus
408 560 489 610 esset.
519 552 561 610 At
574 553 606 610 id
619 573 719 630 neque,
732 554 756 610 si
770 554 980 627 iatum'fnerat,

116 689 118 692 ,
139 633 296 710 effugisset,
312 651 372 700 nec,
390 633 412 690 si
429 652 488 689 non
505 632 607 705 fuerat,
622 633 654 689 in
671 653 736 691 eum
752 653 849 691 casum
867 635 982 692 incidis-

140 721 191 771 set.
221 712 299 781 Quid
312 732 381 790 ergo
395 712 512 770 adiuvat
526 713 684 771 divinatio?
701 720 750 771 aut
762 714 832 790 quid
846 722 889 772 est
904 716 979 791 quod

139 813 187 850 me
203 800 341 851 moneant
354 800 404 851 aut
418 799 509 850 sortes
526 801 575 850 aut
589 800 655 850 exta
669 801 718 850 aut
732 794 790 850 ulla
803 794 981 872 praedictio?

140 873 172 931 Si
189 874 266 931 enirn
280 874 373 930 fatum
389 873 455 945 fnit,
467 873 569 930 classes
583 873 684 950 populi
698 873 821 931 Romani
836 874 911 932 bello
926 875 983 932 Pu-

139 954 206 1010 nico
220 953 314 1030 primo
332 952 448 1011 alteram
470 954 629 1029 naufragio
646 953 763 1010 alteram
780 974 797 1011 a
813 955 919 1013 Poenis
936 959 983 1012 de-

139 1052 266 1111 pressam
280 1034 404 1104 interire,
417 1033 504 1090 etiam
519 1033 542 1090 si
552 1033 711 1110 tripudium
727 1034 899 1092 solistimum
910 1035 982 1112 pulli

140 1113 277 1171 fecissent
291 1113 418 1170 hinnio
434 1121 463 1171 et
477 1113 510 1170 P.
521 1112 624 1170 Clodio
642 1113 814 1185 consulibus,
828 1114 928 1172 classes
942 1123 983 1172 ta-

139 1212 207 1250 men
224 1194 394 1252 interissent.
441 1193 501 1264 Sin,
517 1212 583 1250 cum
601 1193 735 1270 auspiciis
752 1193 981 1271 obtemperatum

140 1279 223 1344 esset,
235 1273 400 1331 interiturae
415 1273 516 1331 classes
530 1292 589 1330 non
603 1273 728 1344 fuerunt,
741 1292 800 1330 non
813 1274 982 1332 interierunt

140 1354 220 1411 fato:
238 1352 325 1410 vultis
339 1360 434 1411 autern
450 1353 547 1410 omnia
560 1353 639 1410 fato:
661 1352 740 1409 nulla
753 1353 842 1430 igitur
856 1361 899 1410 est
913 1354 982 1411 divi·

140 1434 229 1490 natio.
259 1438 305 1491 al.
324 1433 409 1502 Quod
424 1434 448 1490 si
462 1433 557 1490 fatum
571 1433 629 1490 init
643 1432 716 1490 bello
731 1432 842 1490 Punico
857 1435 982 1491 secundo

140 1513 297 1571 exercitum
320 1513 419 1590 populi
440 1513 564 1570 Romani
585 1513 622 1570 ad
642 1512 736 1570 lacurn
755 1512 982 1571 Trasumennum

140 1593 265 1664 interire,
278 1612 346 1650 num
362 1592 394 1650 id
407 1593 491 1650 vitari
505 1593 609 1671 potuit,
623 1593 646 1650 si
661 1592 817 1650 Flaminius
835 1593 933 1650 consul
947 1595 983 1650 iis

141 1672 232 1750 signis
246 1673 337 1750 iisque
354 1673 496 1749 auspiciis
509 1672 613 1750 quibus
627 1690 754 1750 pugnare
768 1672 981 1749 prohibebatur,

140 1753 298 1830 paruissett
339 1752 423 1810 Certe
439 1772 498 1810 non
515 1753 620 1830 potuit.
663 1752 726 1810 Aut
740 1753 829 1830 igitur
845 1772 903 1810 non
920 1753 983 1810 fato
1010 1789 1013 1796 ·

140 1833 252 1890 interiit
268 1833 554 1890 exercitus—mutari
571 1833 647 1890 enim
665 1833 727 1890 fata
746 1852 805 1890 non
823 1839 984 1909 possunt-

141 1921 200 1984 aut,
216 1912 240 1970 si
261 1912 444 1990 fato-qnod
465 1919 540 1970 certe
561 1913 642 1969 vobis
663 1913 705 1970 ita
725 1913 878 1970 dicendum
900 1921 983 1971 est-

141 1993 229 2050 etiam
255 1993 279 2049 si
301 1991 526 2068 obtemperasset
549 1993 690 2069 auspiciis,
713 1993 791 2050 idem
814 2001 983 2051 eventurum

141 2073 252 2131 fuisset.
295 2071 357 2131 Ubi
382 2079 426 2130 est
451 2073 541 2148 igitur
562 2073 701 2130 divinatio
724 2073 780 2130 ista
802 2073 983 2132 Stoicorum?

143 2172 223 2231 quae,
236 2153 260 2210 si
273 2152 336 2210 fato
351 2153 449 2210 omnia
462 2151 543 2224 finnt,
556 2152 628 2209 nihil
642 2172 696 2209 nos
710 2153 863 2212 admonere
878 2151 982 2230 potest,

141 2241 176 2290 ut
189 2233 330 2290 cautiores
345 2233 450 2291 simus:
473 2251 589 2310 quoquo
605 2233 681 2290 enim
696 2233 784 2290 modo
801 2253 854 2290 nos
868 2234 984 2310 gesseri-

141 2333 215 2386 mus,
230 2313 280 2370 fiet
296 2320 393 2371 tamen
409 2312 487 2384 illud,
504 2313 582 2390 quod
597 2312 727 2369 futurum
745 2319 804 2369 est:
827 2313 870 2368 sin
888 2321 983 2371 antem

141 2393 174 2451 id
190 2400 287 2468 potest
303 2393 388 2464 flecti,
404 2393 515 2450 nullum
533 2399 576 2450 est
592 2392 702 2449 fatum:
725 2392 767 2448 ita
786 2411 823 2448 ne
844 2392 984 2450 divinatio

142 2473 269 2551 quidem,
290 2474 425 2550 quoniam
451 2493 484 2530 ea
507 2491 602 2530 rerum
624 2471 786 2528 futurarum
810 2478 860 2529 est.
903 2471 984 2529 Nihil

142 2561 239 2611 antem
254 2559 296 2610 est
307 2573 359 2629 pro
375 2560 452 2611 certo
463 2553 603 2624 futurum,
617 2551 694 2629 quod
705 2556 802 2628 potest
813 2551 907 2628 aliqua
921 2572 985 2628 pro·

142 2634 290 2691 curatione
304 2633 431 2691 accidere
445 2652 481 2691 ne
495 2632 553 2690 fiat.

184 2713 236 2770 IX.
260 2719 306 2770 22.
329 2713 432 2790 Atque
439 2733 492 2790 ego
504 2733 540 2770 ne
550 2711 651 2771 utilem
663 2710 778 2790 quidem
792 2710 914 2768 arbitror
925 2730 984 2768 esse

142 2792 406 2854 nobis-futurarum
424 2812 518 2850 rernm
537 2793 692 2850 scientiam.
735 2790 815 2859 Quae
832 2791 908 2848 enim
927 2791 985 2847 vita

143 2873 246 2931 fuisset
260 2873 386 2945 Priam0,
401 2874 425 2930 si
440 2873 475 2930 ab
492 2872 685 2930 adulescentia
700 2871 797 2928 scisset
815 2890 886 2948 quos
904 2889 985 2927 even-

143 2960 191 3011 tus
205 2955 359 3012 senectutis
376 2959 449 3011 esset
463 2952 631 3010 habiturust
656 2951 820 3010 Abeamus
837 2971 853 3006 a
869 2949 983 3017 fabalia,

143 3034 281 3110 propiora
305 3034 460 3091 videamus.
503 3031 732 3089 Clarissimorum
756 3030 908 3088 hominum
936 3048 985 3086 no·

144 3119 220 3170 strae
237 3113 361 3170 civitatis
377 3113 559 3188 gravissimos
577 3112 669 3168 exitus
686 3112 716 3168 in
735 3110 752 3138 ‘⁶
762 3110 958 3168 consolatione
967 3108 983 3136 '’

145 3192 320 3268 collegimus.
364 3191 441 3260 Quid
454 3192 562 3268 igitur?
582 3197 615 3250 ut
632 3191 800 3248 omittamus
817 3190 984 3268 superiores,
