2220 3432
126 116 158 163 84
349 116 399 164 DE
417 117 567 166 NATURA
584 117 746 167 DEORUM.

127 221 193 274 100.
212 215 390 294 Panibusque
412 217 501 274 stellis
522 218 654 275 similiter
671 219 814 277 distinctis
836 220 970 278 eumdem

126 297 195 354 caeli
210 298 345 355 verticem
360 297 461 354 lustrat
476 317 563 374 parva
578 298 735 375 Cynosura

191 418 248 467 Huc
259 418 341 466 fidunt
353 418 414 466 duce
427 429 547 466 nocturna
559 419 696 468 Phoenices
708 419 733 467 in
746 419 805 470 nito.

191 485 241 533 Sed
253 485 319 545 prior
329 484 373 531 illa
384 484 464 544 magis
476 483 552 532 stellis
564 484 680 532 distincta
691 485 804 547 refulget,

190 549 225 597 Et
236 549 285 598 late
294 549 374 611 prima
385 549 515 597 confestim
527 564 542 597 a
554 559 625 598 nocte
636 549 746 598 ridetur:

189 614 261 663 Haec
272 629 330 663 vero
342 629 417 676 porra
428 623 473 674 est,
483 615 525 662 sed
537 616 618 662 nautis
630 629 688 663 usus
701 615 727 662 in
739 615 786 664 hac
797 624 842 665 est.

189 679 257 728 Nam
268 695 341 728 cursu
352 679 468 728 interiore
479 680 546 728 brevi
558 681 708 728 convertitur
718 681 785 731 orbe.

124 796 217 934 XLpl.
236 797 274 854 Et
295 817 352 875 quo
374 797 412 855 sit
429 817 523 855 earum
547 797 692 854 stellarum
713 798 908 858 admirabilior
928 821 971 858 as·

124 896 177 954 pec
192 897 233 949 us,

190 1001 244 1048 Has
256 1000 327 1059 inter,
334 999 409 1047 ueluti
421 999 508 1061 rapido
522 1013 578 1047 cum
589 999 687 1060 gurgite
700 999 802 1060 flumen,

189 1065 286 1113 Torvus
297 1066 382 1113 Draco
396 1064 471 1128 serpit
483 1065 566 1113 subter
578 1078 712 1128 rupemque
725 1066 852 1116 revolvens

190 1131 249 1180 Sese
260 1130 441 1194 conficiensque
454 1129 521 1178 sinus
533 1145 546 1178 e
558 1144 660 1194 corpore
671 1131 757 1180 flexos.

125 1247 191 1305 107.
208 1247 277 1305 Eius
292 1267 357 1307 oum
371 1248 462 1305 totius
479 1254 522 1306 esi
536 1247 679 1326 praeclara
693 1249 808 1326 speclea,
821 1249 851 1306 in
867 1250 970 1326 primis

124 1329 287 1406 aspicienda
302 1336 345 1387 est
359 1327 450 1404 figura
464 1329 566 1407 capitis
580 1336 665 1406 atque
680 1330 765 1387 ardor
779 1329 935 1388 oculorum.

188 1456 256 1505 Huic
267 1471 317 1504 non
329 1471 379 1503 una
390 1455 465 1503 modo
477 1462 551 1518 caput
561 1471 652 1504 ornans
665 1455 735 1504 stella
745 1456 846 1518 relucet,
885 1508 887 1512 ,

188 1523 284 1570 Verum
297 1532 408 1584 tempora
420 1529 478 1570 sunt
489 1521 581 1584 duplici
593 1521 688 1582 fulgore
699 1529 793 1582 notatu,

187 1587 211 1635 E
224 1587 384 1650 trucibusque
395 1587 473 1635 oculis
484 1587 533 1635 dno
546 1587 640 1635 fervida
650 1586 745 1635 lumino
755 1587 861 1648 flagrant

187 1654 273 1715 Atque
285 1667 334 1700 uno
347 1662 458 1700 mentum
470 1651 575 1699 radianti
587 1652 666 1701 sidere
679 1652 760 1701 lucet:

188 1719 320 1780 Obstipum
332 1727 407 1780 caput
419 1732 448 1765 ac
460 1718 530 1766 tereti
542 1716 635 1766 ceruice
647 1717 775 1779 reflexum,

187 1783 309 1832 Obrutum
321 1783 345 1830 in
358 1783 438 1831 cauda
448 1782 548 1830 maion's
560 1783 635 1842 ligere
647 1782 723 1832 dicas.

124 1905 190 1957 108.
205 1899 244 1957 Et
258 1899 398 1977 reliquum
414 1900 531 1978 quidem
547 1919 650 1976 corpus
660 1899 801 1958 Draconis
815 1899 885 1958 totis
899 1918 966 1958 noc·

122 1980 200 2038 tibus
214 1981 373 2038 cernimus:

187 2104 244 2152 Hoc
255 2111 330 2166 caput
341 2102 382 2152 hic
395 2102 496 2166 paulum
508 2117 561 2152 sese
573 2103 703 2166 subitoque
714 2103 833 2164 recondit,

187 2169 263 2219 Ortus
275 2169 317 2217 uhi
329 2179 403 2232 atque
415 2169 496 2218 obitus
507 2169 599 2232 purtim
611 2169 761 2218 admiscetur
775 2169 800 2216 in
812 2183 895 2219 unam.

122 2286 156 2344 Id
171 2295 266 2346 autem
281 2293 369 2365 caput

184 2415 320 2530 qttingens
332 2413 428 2462 defessa
439 2393 505 2463 velut
517 2412 650 2463 maerentis
659 2412 742 2474 imago

212 2490 307 2542 erutur,

121 2610 207 2668 quam
222 2591 338 2669 quidem
353 2590 455 2675 Graeci

184 2719 329 2778 Engonasin
341 2718 458 2778 vocitent,
466 2718 569 2779 genibus
580 2718 639 2782 quia
650 2717 711 2766 nixa
721 2718 815 2768 feratur
853 2696 856 2702 ,

185 2785 235 2832 Hic
246 2785 288 2833 ille
299 2784 392 2833 eximio
404 2785 485 2846 posita
496 2793 533 2832 est
543 2784 640 2844 fulgore
650 2785 758 2835 Corona.

121 2898 218 3035 Atque
228 2901 298 2958 haec
313 2902 429 2979 quidem
440 2921 457 2958 a
467 2907 557 2980 tergo,
567 2909 685 2981 proptor
696 2910 783 2980 caput
794 2910 890 2962 autem
902 2903 964 2960 An-

121 2999 171 3055 gur
186 2998 287 3037 enons:

120 3090 188 3141 109.
202 3095 283 3153 Quem
295 3097 360 3144 claro
371 3099 499 3159 perhibent
511 3099 667 3162 Ophiuchum
678 3101 779 3150 nomine
791 3101 860 3152 Grai.

203 3162 253 3210 Hic
263 3179 348 3225 pressu
359 3165 449 3227 duplici
460 3167 598 3229 pulmarum
610 3169 719 3218 continet
731 3171 855 3231 Anguem,
