2224 3446
238 143 305 191 LIB.
321 143 369 202 ΙΙ.,
383 142 460 192 ΟΑΡ.
475 142 716 203 LXIV.-LXVll.,
730 141 744 201 ᾖ
760 144 880 192 133-139.
933 145 981 191 245

141 249 207 302 136.
226 242 319 300 Μ7177
333 244 419 300 etiam
435 250 501 302 sunt
518 263 535 300 a
548 251 577 302 77
595 264 629 302 ex
643 244 771 302 historiis
784 246 896 322 prolata
909 265 979 303 som·

141 325 196 394 nia,
207 324 308 380 matris
322 323 491 394 Phalaridis,
502 323 572 400 Cyri
586 325 747 401 superioria,
760 326 859 382 matris
872 325 981 402 Diony⁴

141 405 184 473 sii,
193 403 285 460 Poeni
296 403 476 474 Hamilcaris
486 403 665 474 Hannibalis,
675 404 707 463 P.
716 405 799 463 Decii
810 424 816 462 :
836 405 983 482 pervulga-

141 491 202 540 tum
226 484 282 539 iam
300 482 371 540 illud
389 483 424 540 de
441 483 577 560 praesule,
594 483 716 541 Gracchi
736 486 822 542 etiam
840 492 868 543 77
885 505 982 542 recens

141 563 281 620 Caeciliae
297 562 432 620 Baliarici
448 562 523 620 filiae
541 565 692 622 somnium.
735 564 793 622 Sed
806 564 876 622 haec
894 572 983 622 exter-

140 662 178 699 na
197 643 234 699 ob
251 661 372 719 eamque
392 662 506 700 cansam
523 643 624 720 ignota
639 645 723 702 nobis
740 651 814 715 sunt,
830 664 888 701 non
905 644 982 701 nulla

141 722 227 779 etiarn
242 721 309 779 ficta
319 723 447 780 fortasse.
487 721 558 791 Quis
570 724 646 780 enim
658 731 758 782 auctor
767 725 905 782 istoruml
936 724 982 781 De

140 803 245 859 nostris
267 803 386 859 somniis
408 802 477 880 quid
494 801 633 860 habemus
654 803 767 862 dicerel
787 812 820 862 77
837 804 872 861 de
889 823 982 860 merso

140 901 186 939 me
210 889 239 938 77
259 901 333 958 equo
355 882 392 939 ad
412 883 512 959 ripam,
529 901 583 958 ego
605 882 640 939 de
658 882 749 940 Mario
771 903 836 941 cum
849 883 982 950 ¹fascibus

140 961 273 1018 laureatis
289 981 336 1018 me
353 962 383 1018 in
401 981 484 1018 suum
501 962 604 1019 deduci
619 961 735 1020 iubente
752 971 981 1021 monumentum.

140 1039 263 1099 LXVII.
286 1040 424 1098 Omnium
440 1041 625 1111 somniorum,
639 1040 753 1113 Quinte,
764 1063 821 1099 una
834 1044 907 1100 ratio
923 1051 982 1101 est:

141 1138 222 1196 quae,
230 1139 288 1256 tper
309 1120 378 1177 deos
394 1120 586 1178 immortales!
609 1121 755 1178 videamus
772 1141 808 1178 ne
825 1130 923 1180 nostra
939 1144 983 1180 su·

141 1206 228 1291 ρ7ι77ι
230 1201 359 1257 7777777
376 1200 520 1277 depravat
513 1219 579 1257 rone
601 1207 713 1277 superet
715 1220 755 1258 ιιι
801 1202 865 1259 137.
889 1202 982 1271 Quem

141 1279 218 1334 enirn
235 1286 266 1336 tu
235 1278 448 1336 tMarium
422 1300 515 1337 vrsum
531 1299 548 1336 a
564 1299 611 1337 me
628 1281 730 1356 putasl
771 1279 910 1357 Speciem,
926 1302 982 1340 cre-

141 1358 187 1430 do,
203 1359 263 1415 eius
280 1366 310 1416 77
313 1359 488 1482 imaginem,
500 1366 533 1416 ut
547 1359 715 1416 Democrito
732 1360 851 1418 ridetur.
884 1361 982 1420 ‘Unde

140 1403 253 1514 prdiect
254 1457 307 1494 arn
311 1439 485 1514 imaginem?
525 1438 555 1495 A
568 1439 735 1531 corporibus
749 1441 824 1497 enirn
840 1440 939 1498 solidis
953 1449 982 1499 et

140 1537 157 1574 a
177 1518 261 1574 certis
282 1517 381 1594 figuris
403 1519 465 1575 vult
487 1517 603 1576 fluere
583 1519 742 1610 rmagines
786 1519 901 1588 Quod
894 1522 982 1597 igitur

140 1596 224 1654 Marii
239 1616 341 1673 corpus
356 1599 431 1654 eratl
467 1598 511 1654 Ex
526 1617 568 1670 eo,
581 1598 661 1675 inqui
663 1600 772 1692 t,qu0d
783 1600 884 1658 inerat.
919 1600 982 1658 Ple-

140 1697 177 1734 na
191 1684 258 1734 7777
272 1677 431 1754 imaginum
446 1677 550 1735 omnia.
590 1677 714 1736 Ista't
659 1679 714 1754 igit
715 1699 748 1736 ur
758 1699 804 1737 me
816 1681 911 1756 imago
923 1680 982 1738 Ma-

140 1758 174 1813 rii
187 1758 216 1813 in
227 1776 361 1834 campum
372 1757 475 1814 Atinat
463 1764 521 1814 tem
533 1758 761 1834 persequebatur.
804 1758 890 1816 Nulla
904 1761 979 1817 eninr

141 1837 248 1912 species
269 1837 388 1913 cogitari
409 1843 504 1913 potest
525 1837 580 1893 nisi
597 1838 681 1914 pulsu
702 1839 869 1915 imaginum.
914 1846 979 1898 138.

141 1915 218 1984 Quid
235 1919 321 1992 ergol
342 1918 412 1973 istae
430 1917 569 1992 imagines
583 1917 624 1974 ita
637 1919 721 1976 nobis
738 1918 815 1976 dicto
833 1921 980 1978 audientes

141 2003 215 2067 sunt,
235 2003 268 2053 ut
289 1996 372 2053 simul
395 2006 479 2072 atque
500 1996 622 2054 velimus
643 1995 808 2056 acchrrantl
848 1999 980 2058 Etiamne

141 2095 237 2133 carum
250 2095 354 2145 rernm,
367 2094 438 2152 quac
453 2075 545 2133 nullae
560 2079 645 2134 77777
686 2077 764 2146 Quae
780 2086 822 2136 777
837 2079 912 2137 enim
924 2081 981 2136 ior—

140 2163 263 2212 matam
280 2156 399 2213 77777777
370 2163 424 2225 ata,
437 2163 496 2212 tam
514 2156 591 2212 nulla
608 2176 693 2233 quarn
711 2177 769 2214 non
787 2159 863 2215 sibi
855 2179 916 2236 ipse
930 2159 981 2215 fin-

140 2254 206 2310 gere
223 2236 334 2292 animus
351 2235 514 2312 possit.
515 2255 610 2313 ,quae
626 2256 783 2314 numquam
802 2239 932 2308 vidimus,
948 2259 981 2295 77

140 2322 236 2372 tamen
254 2316 409 2372 informata
425 2279 588 2386 habeainns,
604 2316 778 2392 oppidorum
796 2319 874 2388 sitne,
891 2319 981 2374 horni-

140 2413 210 2452 num
224 2394 337 2472 figuras.
382 2401 447 2453 139.
471 2395 549 2452 Num
564 2394 660 2471 igitur,
673 2415 738 2452 cum
753 2403 802 2454 aut
815 2414 912 2454 muros
926 2397 981 2454 Ba-

113 2467 117 2474 ’
140 2473 254 2550 bylonis
269 2481 318 2532 777
331 2475 453 2532 Homeri
464 2475 568 2532 faciem
583 2474 688 2551 cogito,
698 2475 794 2552 imago
809 2477 922 2534 illorum
933 2497 980 2536 me

140 2555 235 2631 aliqua
248 2555 347 2631 pellitl
388 2555 493 2613 Omnia
506 2555 602 2631 igitur,
614 2573 686 2631 quae
700 2554 839 2627 volumus,
852 2565 921 2614 7777
931 2577 981 2614 no·

140 2633 184 2690 bis
201 2654 261 2691 esse
276 2641 412 2711 possunt:
434 2634 506 2690 nihil
521 2641 564 2692 est
581 2635 658 2692 enim
673 2634 709 2691 de
724 2654 780 2711 qno
795 2636 920 2711 cogitare
933 2657 981 2694 77-

141 2731 284 2789 queamus.
328 2713 429 2772 Nullae
445 2733 512 2790 ergo
523 2715 662 2791 imagines
677 2712 818 2788 obrepunt
829 2715 857 2770 in
870 2717 981 2772 animos

140 2792 345 2850 dormientium
357 2794 530 2851 extrinsecus
541 2813 593 2851 nec
605 2794 722 2850 omnino
734 2793 827 2850 fluunt
837 2793 918 2864 ullae,
929 2815 980 2853 nec

140 2874 264 2949 cognovi
281 2892 452 2952 quemquam
471 2874 520 2950 qui
537 2874 643 2931 maiore
665 2873 834 2931 auctoritato
851 2873 922 2930 nihil
941 2875 981 2931 di-

141 2960 224 3010 ceret.
267 2953 440 3010 Animorum
458 2960 501 3010 777
518 2973 551 3010 77
567 2954 610 3010 ris
627 2972 715 3030 eaque
732 2960 781 3010 nat
783 2972 840 3024 nra,
856 2960 889 3011 77
905 2955 981 3029 vige-

141 3039 190 3089 ant
211 3032 361 3109 vigilantes
377 3033 456 3089 nullo
478 3033 638 3090 adventicio
655 3034 748 3110 pulsu,
764 3032 814 3091 sed
831 3053 882 3090 suo
899 3041 980 3090 motu

141 3110 301 3169 incredibili
319 3112 441 3188 quadam
463 3112 613 3170 celeritate
656 3114 697 3170 Hi
719 3133 784 3170 cum
806 3113 981 3170 sustinentur

141 3191 322 3248 membrls
294 3198 322 3247 e
339 3209 457 3262 corpore
475 3199 503 3248 7
491 3192 655 3264 tsensibus,
672 3195 780 3250 omnia·
789 3193 909 3250 certiora
925 3211 980 3249 cer

966 3355 995 3416 A

998 3330 1083 3352 Α
