2242 3436
266 83 473 146 nra.1.,cAr.
489 82 723 144 xxx-xxxii,
735 81 750 141 e
764 84 853 133 (ει-το.
934 87 980 134 171

335 185 438 247 Iamque
448 183 513 232 mari
524 197 615 244 magno
626 182 711 231 classis
723 183 773 232 cita

334 249 454 298 Texitur:
469 248 576 298 exitium
588 262 694 296 examen
703 248 782 311 rapit:

334 315 467 374 Adveniet,
477 315 529 363 fera
540 313 726 362 velivolantibus

333 381 359 428 N
360 381 446 429 avibus
457 379 589 442 complebit
598 393 686 427 manus
694 379 776 428 litora.

138 507 269 568 XXXII.
312 514 359 566 68.
380 507 554 586 Tragoedias
578 507 658 586 loqui
683 508 782 566 videor
806 515 836 566 et
859 507 979 568 fabulas.

137 591 182 648 At
203 610 238 648 ex
258 597 288 648 te
308 589 372 666 ipso
393 609 451 646 non
472 589 704 646 commenticiam
721 608 790 660 rem,
806 588 857 647 sed
873 589 980 646 factam

137 669 267 728 eiusdem
284 669 395 746 generis
411 668 524 726 audivi:
547 668 578 726 Ο.
592 668 757 745 Coponium
774 668 811 728 ad
824 677 854 726 te
870 669 981 726 venisse

137 749 329 826 Dyrrhachio,
347 767 413 806 oum
436 749 578 826 praetorio
600 748 722 825 imperio
746 747 828 806 classi
850 748 980 806 Rhodiae

138 836 289 906 praeesset,
311 848 378 886 cum
401 829 502 906 primis
526 828 674 886 hominem
698 828 870 906 prudentem
894 835 980 906 atque

137 909 265 980 doctum,
282 928 405 985 eumque
421 909 527 966 dixisse
549 909 688 985 remigem
706 909 848 986 quendam
866 929 882 966 e
899 910 981 986 quiu-

137 989 266 1066 queremi
280 988 461 1046 Rhodiorum
476 989 662 1062 vaticinatum
677 989 872 1046 madefactum
883 989 918 1045 iri
929 989 981 1045 mi-

137 1088 192 1126 nus
210 1089 274 1126 xxx
290 1069 391 1127 diebus
405 1068 553 1126 Graeciam
568 1069 714 1146 sanguiue,
727 1069 840 1145 rapinas
855 1069 981 1145 Dyrrha·

136 1149 196 1206 chii
213 1155 242 1206 et
258 1149 492 1206 conscensionem
508 1149 539 1205 in
559 1168 646 1206 naves
666 1167 732 1206 oum
753 1150 825 1226 fuga
844 1149 980 1224 fugienti-

136 1228 247 1306 busque
261 1228 451 1286 miserabilem
466 1236 627 1305 respectum
638 1228 836 1286 incendiorum
850 1229 921 1299 fore,
930 1228 980 1286 sed

136 1307 318 1366 Rhodiorum
339 1308 421 1366 classi
442 1309 636 1386 propinquum
659 1308 783 1366 reditum
805 1327 838 1366 ac
860 1308 980 1365 domum

136 1389 258 1446 itionem
273 1388 348 1446 dari:
370 1396 433 1446 tum
447 1405 540 1466 neque
554 1397 584 1446 te
599 1389 693 1465 ipsum
708 1408 766 1445 non
781 1407 841 1446 esse
855 1407 981 1445 commo·

135 1476 200 1526 tum
215 1469 400 1546 Marcumque
417 1468 578 1526 Varronem
594 1476 624 1526 et
638 1467 676 1525 M.
690 1468 839 1540 Catonem,
853 1468 902 1544 qui
916 1474 980 1524 tum

136 1549 178 1606 ibi
195 1555 283 1620 eraut,
300 1548 401 1608 doctos
417 1547 558 1620 homines,
574 1548 757 1606 vehementer
774 1566 833 1605 esse
850 1548 981 1624 perterri-

136 1636 197 1686 tos:
219 1629 318 1706 paucis
335 1647 402 1686 saue
419 1635 486 1705 post
502 1627 604 1686 diebus
621 1648 655 1686 ex
669 1627 833 1686 Pharsalica
849 1629 920 1705 fuga
936 1646 981 1685 ve·

136 1709 212 1767 nisse
229 1708 404 1767 Labienum:
427 1709 476 1786 qui
497 1727 563 1766 cum
584 1709 733 1767 interitum
750 1709 890 1766 exercitus
910 1727 981 1766 uun·

136 1789 273 1860 tiavisset,
291 1789 400 1867 reliqua
424 1789 635 1846 vaticinationis
656 1788 735 1847 brevi
755 1808 815 1846 esse
839 1788 978 1846 confecta

138 1875 184 1926 69.
208 1869 282 1926 Nam
306 1877 336 1926 et
360 1889 394 1926 ex
417 1869 525 1927 horreis
550 1869 695 1946 direptum
720 1869 901 1946 effusumque
921 1869 980 1926 fru-

136 1956 267 2006 mentum
289 1949 348 2007 vias
370 1969 469 2006 ornnes
490 1949 716 2026 angiportusque
737 1957 930 2007 constraverat
951 1957 980 2007 et

136 2049 222 2087 naves
243 2029 339 2087 subite
360 2029 504 2105 perterriti
521 2037 600 2086 metu
622 2029 828 2087 conscendistis
847 2037 876 2087 et
892 2037 980 2087 noctu

136 2109 174 2166 ad
191 2109 331 2186 oppidum
356 2109 540 2186 respicientes
564 2109 717 2186 flagrantes
741 2110 891 2181 onerarias,
910 2129 981 2186 quas

136 2183 322 2246 illcenderant
338 2189 453 2262 milites,
470 2189 536 2266 quia
557 2190 638 2267 sequi
656 2189 814 2261 noluerant,
830 2189 979 2262 videbatis,

136 2277 283 2346 postremo
298 2269 440 2327 aRhodia
454 2269 541 2327 classe
555 2270 660 2328 deserti
671 2289 769 2328 verum
784 2277 879 2327 vatem
890 2269 980 2329 fuisse

135 2349 272 2406 sensistis.

178 2429 224 2486 70.
256 2427 386 2506 Exposui
410 2448 496 2505 quam
520 2428 686 2486 brevissime
707 2428 790 2504 potui
819 2428 924 2485 somnii
952 2435 981 2485 ct

136 2508 242 2566 furoris
263 2508 377 2566 oracula
394 2527 466 2586 quae
485 2528 579 2566 carere
596 2508 723 2565 dixeram
740 2514 808 2565 arte.
851 2507 980 2576 Quorum

135 2588 287 2646 amborum
303 2607 441 2665 generum
459 2608 516 2645 una
532 2588 605 2645 ratio
622 2596 673 2659 est,
687 2607 748 2665 qua·
759 2587 915 2664 Cratippus
932 2607 981 2644 no-

135 2675 194 2725 ster
208 2669 252 2726 uti
266 2668 346 2740 solet,
357 2669 470 2725 animos
484 2668 634 2725 homiuum
651 2668 774 2746 quadam
789 2687 823 2726 ex
837 2674 918 2744 parte
936 2687 981 2725 ex-

136 2748 276 2806 trinsecus
292 2767 352 2806 esse
369 2755 476 2806 tractos
493 2755 522 2805 et
538 2748 664 2805 haustos.
707 2749 750 2805 Ex
768 2767 825 2825 quo
842 2747 981 2824 intellegi·

137 2834 183 2885 tur
197 2847 257 2886 esse
272 2835 352 2885 extra
366 2829 496 2886 divinum
511 2829 639 2884 animum
650 2828 792 2886 humanus
807 2828 883 2885 unde
897 2828 982 2885 duca·

137 2915 191 2979 tur,
204 2908 323 2964 humani
339 2915 436 2966 autem
453 2908 543 2964 animi
560 2927 622 2964 eam
637 2916 757 2984 partem,
769 2927 841 2984 quae
856 2927 979 2977 sensum,

137 3006 209 3064 quae
222 2994 344 3058 motum,
358 3007 430 3065 quae
444 2987 607 3064 appetitum
618 2987 730 3058 habeat,
743 3007 801 3044 non
813 3006 874 3045 esse
887 2987 923 3044 ab
938 3007 981 3044 ae-

136 3067 215 3125 tione
230 3068 358 3144 eorporis
372 3068 548 3144 seiugatam:
571 3086 643 3144 quae
657 3074 754 3124 autem
765 3087 829 3144 pars
840 3067 929 3124 animi
940 3086 981 3123 ra·

135 3146 224 3205 tionis
248 3155 335 3224 atque
360 3146 580 3222 intellegentiae¹
596 3146 634 3203 sit
658 3147 809 3224 particeps,
829 3166 893 3204 eam
917 3153 979 3204 tum

1036 3311 1106 3398 Δ
