2220 3432
140 77 172 128 74
359 73 408 124 Du
425 75 449 122 N
452 74 575 124 A'l'UltA
591 72 751 124 DEORUM.

139 177 277 234 inducens
289 175 413 253 quodam
425 183 510 252 pacto
522 182 617 252 negat,
628 180 685 245 aut,
695 175 747 252 qni
757 175 827 233 deos
841 194 901 233 esse
915 195 983 234 con·

139 257 250 328 cedant,
260 256 296 314 iis
306 255 457 313 fatendum
472 262 515 312 est
529 274 578 312 eos
592 254 700 332 aliquid
710 274 793 331 agere
804 254 891 332 idque
902 276 983 332 prae-

139 337 255 394 clarum.
297 335 377 393 Nihil
399 343 442 392 est
462 342 558 392 autem
579 335 749 411 praeclarius
769 335 872 392 mundi
892 336 983 392 adrni-

139 417 327 474 nistratioue:
356 416 474 473 deorum
499 415 588 492 igitur
612 414 731 471 consilio
756 414 980 474 administratur.

139 495 226 565 Quod
242 497 266 553 si
283 496 364 553 aliter
382 503 433 566 est,
449 494 559 573 aliquid
575 496 706 571 profecto
726 514 840 552 neeesse
861 503 982 554 estesse

138 577 241 634 melius
262 583 291 634 et
307 577 414 633 maiore
431 575 459 631 vi
476 575 638 651 praeditum
656 593 743 651 quam
759 574 837 644 deos,
850 576 932 652 quale
949 577 983 633 id

139 675 262 733 cumque
283 663 334 726 est,
350 657 409 713 sive
429 655 557 712 inanima
576 662 679 711 natura
699 655 757 712 sive
778 655 931 712 necessitas
952 657 983 712 vi

138 755 245 812 magna
254 736 381 805 incitata,
390 734 459 792 haec
469 735 660 811 pulcherrima
671 753 758 811 opera
768 733 900 806 efficiens,
908 754 982 812 quae

139 817 277 873 videmus.
313 816 329 873 7
334 816 359 872 7.
375 814 442 872 Non
457 822 500 872 est
511 815 600 891 igitur
613 821 715 871 natura
729 815 847 871 deorum
862 834 982 892 praepo·

139 902 203 952 tens
218 914 309 971 neque
324 895 470 964 excellens„
481 894 504 950 si
519 894 635 972 quidem
651 913 684 951 ea
698 894 825 952 subiecta
838 903 882 952 est
895 895 920 951 ei
936 895 983 952 vel

139 975 301 1032 necessitati
318 974 362 1031 vel
379 981 574 1051 naturaeque
589 973 708 1042 caelum,
723 975 820 1044 maria,
833 982 923 1032 terrae
940 994 983 1032 re

139 1061 251 1130 gantur.
293 1054 374 1112 Nihil
391 1061 434 1111 est
451 1061 546 1112 autem
564 1055 754 1130 praestantius
775 1054 838 1111 deo,
879 1054 982 1112 Abeo

139 1135 229 1211 igitur
249 1135 390 1191 mundum
412 1153 526 1192 necesse
548 1141 591 1191 est
611 1135 680 1210 regi.
726 1134 806 1191 Nulli
826 1134 916 1210 igitur
937 1143 983 1191 est

139 1222 256 1272 naturae
271 1214 426 1271 oboediens
441 1221 490 1272 aut
501 1213 644 1271 subiectus
659 1214 738 1271 deus.
772 1213 896 1271 Omnem
911 1233 982 1290 ergo

139 1295 213 1371 regit
230 1294 291 1371 ipse
312 1301 450 1351 naturam.
493 1294 609 1351 Etenim
631 1293 655 1350 si
672 1293 855 1351 concedimus
872 1293 984 1351 intelle

138 1381 239 1451 gentes
259 1394 321 1432 esse
341 1375 419 1445 deos,
435 1373 619 1432 concedimus
639 1374 725 1432 etiam
747 1373 931 1451 providentes
952 1382 984 1432 et

138 1475 233 1512 rerum
255 1455 371 1532 quidem
392 1455 589 1511 maximarum.
632 1453 710 1530 Ergo
729 1462 828 1511 utrum
846 1454 984 1530 ignorant

139 1554 211 1612 quae
228 1555 272 1592 res
286 1535 427 1592 maximae
445 1535 502 1591 sint
516 1553 630 1611 quoque
648 1553 697 1590 eae
713 1533 802 1590 modo
816 1533 983 1592 tractandae

138 1623 168 1672 et
183 1616 307 1672 tuendae
324 1634 359 1671 an
377 1615 436 1671 virn
452 1633 511 1670 non
529 1613 635 1671 habent
652 1633 709 1690 qua
722 1620 817 1671 tantas
837 1633 882 1672 res
899 1615 985 1671 susti·

138 1703 225 1753 neant
241 1706 271 1752 et
287 1696 406 1770 gerant?
447 1693 488 1751 At
505 1701 533 1752 et
549 1695 694 1770 ignoratio
714 1713 808 1751 rerum
826 1693 917 1751 aliena
933 1713 985 1751 na·

130 1782 219 1832 turae
236 1775 354 1832 deorum
372 1781 415 1831 est
432 1782 461 1831 et
478 1774 637 1831 sustinendi
654 1774 781 1831 muneris
797 1783 916 1850 propter
930 1773 984 1830 im-

138 1854 322 1913 becillitatem
344 1853 495 1912 difficultas
515 1855 635 1910 minime
656 1854 734 1911 cadit
750 1854 780 1910 in
800 1854 982 1912 maiestatem

139 1935 265 1992 deorum.
300 1935 343 1991 Ex
358 1953 416 2011 quo
430 1933 550 1992 efficitur
564 1934 602 2003 id,
616 1935 694 2012 quod
708 1933 848 2005 volumus,
860 1933 983 1991 deorum

138 2014 319 2092 providentia
333 2014 473 2072 mundum
488 2014 690 2072 administrari.
723 2013 838 2072 XXXI.
870 2013 915 2071 78.
930 2014 984 2070 At-

139 2095 188 2172 qui
202 2113 315 2152 necesse
330 2102 380 2165 est,
394 2114 457 2152 cum
474 2095 532 2151 sint
545 2095 584 2164 di,
597 2094 621 2151 si
636 2094 723 2151 modo
738 2101 813 2164 sunt,
824 2100 856 2151 ut
870 2095 984 2170 profec-

138 2181 170 2232 to
195 2183 269 2245 sunt,
289 2176 447 2233 animantes
472 2193 531 2232 esse
552 2193 605 2230 nec
626 2174 719 2231 solum
744 2173 912 2244 animantes,
931 2175 983 2230 sed

139 2255 226 2312 etiam
243 2255 360 2312 rationis
374 2262 524 2331 compotes
538 2254 614 2311 inter
628 2273 715 2331 seque
729 2254 809 2331 quasi
824 2253 901 2311 civili
916 2273 984 2310 con-

139 2335 283 2392 ciliatione
300 2343 329 2392 et
343 2335 478 2392 societate
495 2335 673 2405 coniunctos,
685 2353 775 2392 unum
792 2334 933 2391 mundum
949 2342 983 2390 ut

138 2434 321 2472 communem
338 2435 398 2472 rem
415 2415 560 2492 publicam
577 2422 663 2492 atque
681 2414 781 2471 urbem
799 2415 924 2491 aliquam
941 2433 984 2471 re-

138 2502 246 2570 gentes.
291 2496 336 2552 79.
355 2494 491 2572 Sequitur
511 2502 544 2551 ut
561 2494 660 2551 eadem
680 2495 764 2551 sitin
782 2494 826 2565 iis,
842 2513 915 2571 quae
930 2493 984 2550 hu·

138 2595 224 2632 mano
245 2575 276 2632 in
297 2593 408 2652 genere,
426 2576 508 2646 ratio,
524 2575 624 2632 eadem
645 2576 751 2632 veritas
770 2573 924 2650 utrobique
944 2575 984 2630 sit

139 2655 295 2732 eademque
309 2655 362 2726 lex,
375 2675 448 2732 quae
462 2663 506 2713 est
519 2655 590 2712 recti
605 2655 769 2732 praeceptio
783 2653 921 2731 pravique
935 2653 985 2710 de·

139 2735 241 2810 pulsio.
284 2735 327 2792 Ex
349 2754 407 2811 quo
423 2735 599 2812 intellegitur
615 2735 798 2812 prudentiam
816 2752 932 2811 quoque
954 2739 985 2790 et

139 2821 264 2870 mentem
279 2834 296 2871 a
307 2815 351 2872 dis
362 2815 399 2871 ad
410 2814 541 2872 homines
552 2816 721 2891 pervenisse,
732 2814 770 2870 ob
785 2833 904 2890 eamque
919 2831 985 2870 cau-

140 2911 200 2948 sam
214 2894 355 2951 maiorum
369 2895 510 2951 institutis
526 2913 615 2964 mens,
628 2892 707 2964 fides,
720 2895 818 2964 virtue,
829 2893 984 2952 concordia

141 2982 319 3032 consecratae
333 2981 362 3031 et
373 2974 485 3051 publice
496 2975 643 3032 dedicatae
655 2981 729 3031 sunt.
764 2972 844 3042 Quae
856 2976 905 3050 qui
916 2992 984 3030 eon-

142 3051 220 3106 venit
232 3071 319 3127 penes
334 3053 403 3111 deos
417 3074 476 3112 esse
491 3073 603 3130 negare,
616 3074 681 3111 cum
699 3073 797 3111 eorum
815 3060 937 3130 augusta
954 3061 983 3110 et

142 3135 239 3186 saneta
259 3132 408 3190 simulacra
423 3135 608 3192 veneremurt
649 3133 735 3200 Quod
752 3134 776 3190 si
793 3134 868 3190 inest
885 3134 915 3190 in
932 3132 983 3189 ho
