2224 3446
182 99 184 103 ⁵
240 135 310 184 nra.
324 135 357 197 1.,
373 129 452 184 cnr.
462 112 734 196 ''rru1V.-xuv11.,§
750 137 872 186 roaros.
932 139 980 185 rsa

131 237 296 295 voluerunt.
329 235 437 294 XLVI.
450 235 548 313 Atque
563 255 617 313 ego
629 237 759 313 exempla
770 237 900 294 ominum
912 244 982 294 nota

134 317 289 396 proferam.
333 315 364 373 L.
378 316 495 374 Paullus
509 316 736 387 consul't1t·,e1um
749 335 815 373 cum
832 315 980 373 e1bellum

135 404 169 454 ut
186 416 252 454 cum
268 415 335 472 rege
352 396 439 454 Perse
455 403 567 472 gereret
583 395 743 472 obtigisset,
755 403 788 452 ut
805 415 839 453 ea
855 396 918 472 ipsa
934 396 981 454 die

135 477 258 534 domum
278 476 315 532 ad
331 494 482 552 vesperum
499 475 592 547 rediit,
605 475 723 546 filiolam
745 494 825 532 suam
843 475 979 546 Tertiam,

136 563 286 634 quactum
301 562 362 613 erat
372 555 529 612 admodum
540 574 635 630 parva,
646 539 776 613 osculans
791 555 918 613 animum
934 557 981 612 ad-

135 636 223 692 vertit
233 635 412 693 tristiculam.
448 635 465 662 “
475 634 552 702 Quid
563 642 607 692 ost
616 634 631 661 ’'
648 635 750 712 inquit,
762 634 780 661 “
789 654 854 692 mea
866 635 981 693 Tertial

136 714 208 792 quid
218 715 309 772 tristis
320 714 499 772 csl”—“Mi
509 720 591 791 pater
599 714 616 742 '²
628 715 730 791 inquit,
742 715 759 742 “
769 715 857 772 Persa
867 715 980 792 periit.”

135 794 261 852 -Tum
285 794 333 852 ille
357 795 446 851 artius
471 793 595 870 puellam
621 795 804 871 complexus:
833 795 981 872 “Accipio

137 893 224 932 omen
234 874 250 902 ’'
265 874 362 951 inquit
377 875 394 902 “
403 892 468 931 mea
481 873 566 931 filia.”
599 873 669 931 Erat
683 882 780 933 autem
794 882 925 932 mortuus
939 895 982 932 ca-

136 954 222 1011 tellus
233 973 267 1010 co
278 954 403 1011 nomine.
439 957 504 1010 104.
518 952 548 1010 L.
560 953 702 1025 Flaccum,
712 954 857 1012 flaminem
869 955 983 1012 Martia-

136 1033 202 1104 lem,
215 1053 269 1110 ego
291 1032 396 1104 audivi,
409 1053 475 1090 cum
493 1033 600 1091 diceret
618 1033 770 1091 Caeciliam
788 1035 905 1106 Metelli,
917 1055 982 1092 cum

137 1113 223 1170 vellet
240 1113 345 1170 sororis
362 1133 428 1170 suae
445 1113 533 1170 filiam
550 1114 582 1170 in
598 1114 815 1171 matrimonium
835 1114 981 1186 collocare,

137 1193 228 1250 exisse
245 1194 275 1250 iu
294 1193 440 1270 quoddam
462 1192 596 1250 sacellum
619 1194 724 1250 ominis
741 1194 873 1270 capiendi
890 1213 981 1264 causa,

138 1273 218 1350 quod
231 1272 292 1330 fieri
305 1291 385 1330 more
401 1279 529 1330 veterum
548 1272 664 1330 solebat.
708 1273 781 1330 Cum
797 1273 878 1350 virgo
896 1281 984 1330 staret

138 1359 167 1410 et
182 1351 350 1410 Caeciliam
368 1352 436 1410 sella
454 1352 565 1411 sederet
579 1373 672 1430 neque
690 1352 740 1410 diu
756 1353 814 1410 ulla
828 1372 883 1409 vox
900 1353 984 1410 exsti-

137 1432 228 1502 tisset,
239 1431 363 1509 puellam
377 1432 566 1510 defatigatam
578 1433 683 1509 petisse
694 1438 920 1504 amatertera,ut
929 1432 982 1490 sibi

138 1512 308 1570 concederet
322 1512 468 1590 paulisper
486 1519 519 1570 ut
535 1513 566 1570 in
584 1513 644 1569 eius
662 1512 729 1570 sella
745 1512 941 1589 requiesceret,
953 1512 984 1568 il-

138 1592 195 1649 lam
211 1599 306 1649 a'utem
326 1593 447 1650 dixisse:
472 1593 586 1665 “Vero
596 1612 661 1650 mea
674 1591 776 1670 puella,
788 1591 843 1649 tibi
858 1592 984 1649 concedo

138 1691 217 1728 meas
238 1671 347 1729 sedes.”
390 1671 476 1740 Quod
495 1691 579 1730 omen
596 1691 640 1729 res
657 1679 809 1736 consecuta
825 1679 876 1729 est.
919 1671 985 1748 Ipsa

139 1751 216 1808 enim
231 1750 311 1809 brevi
323 1759 439 1810 mortua
454 1753 593 1829 est‚virgo
608 1759 704 1810 autem
718 1752 818 1828 nupsit
832 1751 879 1809 cui
890 1751 985 1808 Caeci·

138 1830 177 1888 lia
191 1837 283 1908 nupta
297 1831 400 1889 fuerat.
441 1831 521 1889 Haec
536 1851 619 1908 posse
634 1832 780 1889 contemni
791 1831 835 1889 vol
850 1831 936 1889 etiam
949 1832 985 1888 ri-

138 1911 200 1968 deri
218 1912 360 1988 praeclare
383 1910 529 1988 intellego,
542 1911 592 1968 sed
608 1911 639 1968 id
655 1912 751 1989 ipsum
772 1918 816 1969 est
836 1911 906 1969 deos
925 1931 984 1968 nou

138 1996 248 2069 putare,
262 2011 333 2068 quae
349 1990 385 2048 ab
401 1992 436 2048 iis
452 1991 647 2068 significantur
661 1999 851 2050 contemnere.

179 2070 304 2129 XLVII.
351 2076 416 2128 105.
436 2070 514 2139 Quid
528 2070 564 2128 de
581 2071 735 2148 auguribus
749 2072 867 2148 loquarl
907 2069 985 2128 Tuae

139 2157 234 2228 partes
247 2158 330 2209 sunt:
350 2158 443 2223 tuum,
453 2151 580 2228 inquam,
591 2151 782 2228 auspiciorum
793 2151 984 2228 patrocinium

139 2230 227 2288 debet
243 2250 310 2288 esse.
355 2230 422 2288 Tibi
436 2231 513 2308 App.
527 2229 664 2288 Claudius
681 2250 772 2308 augur
789 2230 898 2288 consuli
915 2250 986 2288 nun-

140 2311 224 2368 tiavit
236 2310 389 2368 addubitat
346 2317 407 2368 tto
424 2309 529 2368 Salutis
544 2311 663 2387 augurio
674 2310 781 2368 bellum
795 2309 984 2367 domesticum

140 2391 222 2448 triste
237 2398 299 2448 act
287 2389 486 2448 turbulentum
501 2391 581 2448 fore:
587 2389 678 2526 tquod
691 2389 796 2466 paucis
804 2395 871 2465 post
884 2387 986 2446 mensi-

139 2470 194 2528 bus
209 2476 339 2528 exortum
357 2470 540 2562 paucioribus
557 2489 574 2526 a
587 2476 616 2527 tc
633 2475 677 2526 est
690 2468 791 2526 diebus
808 2487 984 2560 oppressum

140 2549 196 2608 Cui
206 2550 323 2628 quidem
334 2569 434 2626 auguri
426 2550 629 2608 'vehementer
638 2549 790 2606 adsentior.
813 2547 898 2604 Solus
909 2549 984 2605 enim

139 2630 214 2688 mult
202 2637 296 2688 torum
316 2649 457 2688 annorum
479 2629 619 2687 memoria
635 2648 691 2686 uon
711 2627 881 2686 decantandi
899 2645 986 2703 augu-

140 2711 184 2782 rii,
200 2711 251 2768 sed
268 2709 418 2767 divinandi
435 2710 530 2767 tenuit
548 2709 737 2785 disciplinam.
780 2707 872 2776 Quem
889 2692 986 2764 irride-

139 2789 210 2846 bant
221 2788 347 2866 collegae
359 2790 402 2847 tui
414 2808 536 2866 eumque
548 2797 610 2847 tum
623 2789 783 2859 Pisidam,t
785 2806 834 2844 um
845 2786 986 2843 Soranum

139 2888 278 2946 augurem
300 2889 361 2926 esse
379 2869 521 2927 dicebant.
565 2868 677 2961 Quibus
695 2867 773 2926 nulla
789 2866 904 2924 videbat
893 2873 940 2924 tur
955 2867 986 2923 iu

139 2949 267 3026 auguriis
282 2955 333 3006 aut
344 2949 479 3026 auspiciis
493 2949 656 3040 praesensio
671 2956 721 3006 aut
732 2947 850 3005 scientia
860 2946 986 3003 veritatis

139 3029 262 3105 futurae,
276 3029 420 3105 sapienter
434 3028 548 3086 aiebant
559 3028 596 3086 ad
608 3029 775 3104 opinionem
787 3026 985 3103 imperitorum

139 3127 201 3165 esse
216 3107 264 3166 fict
252 3115 296 3165 tas
311 3108 471 3184 religiones.
515 3107 602 3177 Quod
616 3108 701 3184 longo
717 3127 796 3164 secus
814 3113 873 3164 est:
894 3123 986 3180 neque

139 3188 259 3246 enimin
271 3188 435 3264 pastoribus
446 3186 509 3259 illis,
521 3187 625 3264 quibus
635 3187 777 3244 Romulus
791 3185 924 3264 praefuit,
934 3203 984 3242 nec
