2242 3436
129 111 178 160 164
388 108 438 156 Du
455 107 705 158 DIVINATIONE.

128 209 347 286 diligentissime
361 227 405 265 res
419 207 590 265 Hannibalis
602 215 768 286 persecutus
782 216 841 268 est:
859 208 968 266 Hanni·

129 290 230 360 balem,
244 308 309 346 cum
324 289 445 365 cepisset
456 287 625 362 Saguntum,
637 289 729 345 visum
745 307 805 346 esse
818 289 847 345 in
860 290 969 346 somnis

128 370 227 428 anvc
242 369 271 426 in
286 369 406 426 deorum
423 367 576 425 concilium
593 369 704 425 vocari:
727 388 784 445 quo
799 387 864 425 cum
878 370 970 426 renis·

128 457 179 523 set,
196 449 294 507 lovem
316 449 468 524 imperasse
490 454 523 504 ut
539 446 638 504 Italiae
656 447 762 506 bellum
779 449 897 506 inferret
918 449 970 506 du-

128 549 247 607 cemque
264 529 290 586 oi
307 548 396 585 unum
414 547 429 585 c
446 527 568 584 concilio
585 527 694 597 datum,
711 547 768 604 quo
785 527 866 585 illum
888 536 969 586 uten-

127 618 187 668 tem
208 629 274 666 cum
296 609 420 666 exercitu
438 607 572 684 progredi
591 607 725 683 coepisse,
741 615 804 664 tum
822 608 848 664 ei
864 608 968 666 ducem

127 690 207 746 illum
225 689 400 766 praecepisse
418 707 453 744 ne
470 687 630 764 respiceret,
647 686 727 744 illum
745 695 840 746 autem
858 688 890 745 id
907 689 969 745 diu-

126 771 184 826 tius
194 769 288 826 facere
299 788 357 825 non
368 769 496 845 potuisse
508 767 670 844 elatumque
685 767 842 844 cupiditate
857 787 970 845 respex-

126 851 189 919 isse,
202 858 264 905 tum
280 849 368 905 visam
382 848 497 906 beluam
514 855 622 905 vastam
637 855 666 904 ot
679 848 835 905 immanem
849 849 969 906 circum-

126 929 261 1005 plicatam
275 927 454 1004 serpentibus
469 947 647 1005 quacumque
662 927 805 986 incederet
820 929 917 986 omnia
927 949 970 986 ar·

127 1008 217 1078 busta,
233 1008 365 1084 virgulta,
381 1015 456 1065 tecta
477 1013 645 1084 pervertere,
660 1016 689 1065 ct
710 1027 776 1065 eum
794 1007 969 1066 admiratum

127 1089 268 1165 quaesisse
283 1088 318 1146 de
333 1088 387 1145 deo
403 1088 548 1165 quodnam
557 1088 631 1145 illud
642 1094 715 1146 esset
729 1088 785 1144 tale
796 1097 967 1161 monstmm,

125 1176 155 1225 et
169 1169 254 1225 deum
266 1167 444 1244 respondisse
456 1169 617 1226 vastitatem
629 1187 690 1226 esse
702 1168 800 1225 ltaliae
811 1169 970 1245 praesepis

126 1267 211 1325 seque
229 1256 261 1306 ut
275 1255 405 1325 pergeret
418 1249 558 1324 protinus,
575 1248 645 1324 quid
661 1256 736 1306 retro
754 1256 839 1325 atque
854 1268 871 1305 a
884 1256 969 1325 tergo

124 1328 205 1386 fieret
218 1347 254 1385 ne
269 1327 416 1385 laboraret.
457 1334 502 1385 50.
521 1328 610 1405 Apud
624 1327 817 1405 Agathoclem
828 1329 969 1406 scriptum

124 1409 155 1464 in
177 1408 297 1465 historia
321 1415 364 1466 est
386 1407 580 1465 Hamilcarem
602 1407 881 1484 Karthaginiensem,
900 1429 968 1467 cum

125 1496 305 1565 oppugnaret
322 1487 483 1564 Syracusae,
498 1488 591 1544 visum
613 1507 673 1546 esse
694 1488 791 1546 audire
813 1508 921 1560 vocem,
938 1509 968 1548 se

124 1569 263 1645 postridie
286 1576 452 1626 cenaturum
474 1567 636 1642 Syracusis:
663 1587 728 1625 curn
750 1575 846 1625 autern
863 1569 888 1625 is
905 1569 968 1627 dies

124 1649 270 1719 illuxisset,
286 1667 420 1723 maguam
443 1647 613 1705 seditionem
636 1648 665 1705 in
689 1648 787 1705 castris
809 1649 870 1706 eius
892 1649 968 1707 iuter

123 1727 239 1784 Poenos
261 1735 290 1785 et
313 1727 424 1785 Siculos
446 1727 552 1784 milites
573 1747 633 1784 esse
654 1728 778 1784 factam:
801 1728 967 1804 quodcum

122 1808 277 1864 ,sensissent
300 1806 477 1882 Syracusani,
494 1808 650 1883 improviso
673 1827 722 1865 cos
738 1808 769 1864 in
786 1815 877 1865 castra
898 1809 968 1866 irru-

123 1887 200 1963 pisse
222 1887 472 1964 Hamilcaremque
494 1887 530 1944 ab
552 1888 587 1944 iis
609 1887 707 1944 vivum
729 1906 789 1944 esse
812 1887 965 1947 sublatum.

124 1965 170 2023 Ita
186 1986 230 2022 res
247 1966 391 2023 somnium
411 1967 616 2044 comprobavit.
659 1967 749 2024 Plena
769 1968 967 2044 exemplorum

123 2054 167 2104 est
194 2046 321 2115 historia,
342 2054 405 2104 tum
428 2046 535 2105 referta
558 2048 618 2105 vita
641 2049 810 2105 communis.
855 2055 901 2106 51.
923 2049 967 2107 At

123 2146 190 2184 vero
204 2126 237 2184 P.
250 2125 357 2184 Decius
371 2127 417 2184 ille
435 2126 468 2195 Q.
482 2127 521 2198 F,
535 2127 584 2204 qui
598 2128 708 2204 primus
722 2148 738 2185 e
752 2127 850 2186 Deciis
866 2130 967 2186 consul

122 2206 188 2277 fuit,
205 2225 270 2264 cum
288 2213 361 2264 esset
377 2205 509 2264 tribunus
525 2208 651 2265 militum
666 2207 705 2265 M.
717 2207 834 2266 Valerio
847 2208 884 2267 A.
897 2209 967 2267 Cor-

123 2287 198 2344 nelio
216 2286 380 2344 consulibus
396 2305 413 2343 a
430 2286 663 2365 Samnitibusque
678 2297 853 2364 premeretur
868 2299 967 2347 noster

123 2367 270 2437 exereitus,
291 2383 356 2423 cum
379 2366 504 2442 pericula
525 2367 700 2444 proeliorum
721 2369 807 2425 iniret
830 2369 966 2426 audacius

122 2454 342 2523 monereturque
359 2457 392 2504 ut
409 2447 518 2504 cautior
535 2455 617 2519 esset,
633 2448 714 2518 dixit,
731 2448 809 2525 quod
826 2455 918 2506 exstat
935 2449 965 2505 in

122 2526 287 2584 annalibus:
310 2527 364 2584 sibi
379 2527 408 2582 in
423 2527 531 2584 somnis
548 2529 640 2584 visum
658 2548 725 2598 esse,
738 2547 802 2586 cum
818 2529 848 2584 in
862 2528 965 2586 mediis

122 2606 254 2663 hostibus
265 2613 429 2677 versaretur,
442 2607 569 2664 occidere
581 2627 646 2664 eum
658 2609 783 2665 maxima
793 2607 892 2684 gloria.
926 2608 966 2666 Et

122 2692 184 2741 tum
202 2686 317 2762 quidem
330 2686 482 2743 incolumis
493 2688 648 2745 exercituin
663 2687 812 2744 obsidione
824 2687 962 2746 liberavit.

123 2761 195 2821 Post
211 2765 366 2820 triennium
384 2773 488 2834 autem,
504 2786 568 2822 erim
589 2767 687 2824 consul
704 2774 786 2838 esset,
802 2767 918 2825 devovit
934 2787 965 2824 se

123 2849 152 2898 et
173 2843 203 2898 in
224 2843 312 2898 aciem
333 2843 500 2899 Latinorum
519 2846 621 2919 irrupit
641 2854 773 2904 armatus.
817 2846 881 2915 Quo
903 2847 966 2904 eius

123 2920 201 2976 facto
219 2921 342 2994 superati
358 2931 424 2978 sunt
438 2930 467 2978 et
481 2923 568 2980 deleti
582 2925 685 2982 Latini.
728 2926 817 2982 Cuius
832 2946 909 2983 mors
924 2927 966 2984 ita

123 2995 247 3070 gloriosa
263 2996 328 3067 fuit,
341 3006 374 3055 ut
391 3001 508 3057 eandem
519 3005 731 3078 concupisceret
742 3004 824 3063 filius.
863 3006 962 3066 XXV.

125 3081 170 3129 52.
193 3075 250 3130 Sed
266 3078 410 3134 veniamus
421 3099 504 3150 nunc,
518 3081 541 3135 si
556 3081 656 3157 placet,
669 3083 705 3140 ad
717 3086 829 3142 somnia
838 3085 965 3162 philoso

123 3152 254 3224 phorum.
298 3155 349 3213 Est
363 3158 439 3232 apud
451 3158 600 3216 Platonem
615 3161 755 3233 Socrates,
768 3183 834 3221 cum
849 3173 923 3223 esset
933 3166 964 3222 in
