2220 3432
132 118 165 164 36
352 113 402 163 DE
422 113 571 163 NATURA
591 113 752 164 DEORUM.

132 235 214 294 pares
231 215 347 272 sumusl
383 213 433 272 Ad
450 214 668 274 similitudinem
689 217 765 273 enim
783 215 837 273 deo
854 216 974 293 propius

132 295 285 354 accedebat
295 295 421 352 humana
436 296 524 352 virtus
537 314 621 372 quam
636 295 734 372 figura.
768 295 895 354 XXXV.
926 297 972 354 97.

132 376 179 432 An
198 377 420 452 quicquamtam
435 374 543 452 puerile
558 375 614 432 dici
625 383 729 452 potest,
740 383 773 432 ut
792 377 914 454 eundem
932 377 973 433 lo-

132 475 197 512 cum
219 455 290 513 diut'
270 463 328 513 trus
346 473 472 532 urgeam,
489 474 574 532 quam
596 456 620 511 si
641 475 674 512 ea
694 475 798 532 genera
816 456 972 528 beluarum,

132 535 248 612 quaein
263 534 348 593 rubro
365 555 439 592 marr
430 534 571 592 Indiave
579 535 749 627 gignantur,
761 535 839 592 nulla
855 556 915 594 esse
932 537 974 594 di·

131 617 247 674 camusl
280 615 322 673 At
310 615 374 692 tqui
390 635 426 672 ue
444 615 629 672 curiosissimi
647 615 763 753 quidem
780 615 912 673 homines
929 637 973 674 ex·

132 696 270 772 quirendo
285 695 409 753 audiret
397 703 457 753 tam
473 695 566 752 multa
579 703 708 772 possunt,
723 715 807 772 quarn
823 703 889 754 sunt
903 698 975 754 mul-

131 784 169 845 ta,
182 794 254 863 quae
271 782 353 846 terra,
366 776 445 846 mari,
457 775 619 867 paludibus,
631 775 798 832 fluminibus
816 776 973 834 exsistunt:

131 875 203 931 quae
228 874 366 931 negemus
386 874 454 926 esse,
468 855 535 932 quia
555 874 713 947 numquam
736 855 877 913 vidimus!
907 856 975 933 Ipsa

132 953 198 991 vero
216 953 301 1011 quam
318 935 391 991 nihil
408 935 445 991 ad
462 954 522 992 rem
539 935 673 1011 pertinet,
690 954 762 1012 quac
780 955 830 992 vos
851 935 975 994 delectat

130 1015 263 1085 maxime,
272 1014 372 1071 similit
373 1014 448 1072 ιιιὶο1
442 1059 448 1072 .
466 1014 562 1084 Quidl
554 1059 560 1072 .
579 1015 657 1073 canis
668 1035 764 1073 nonne
775 1015 875 1073 similis
886 1016 975 1094 lupol

130 1094 236 1172 Atque,
249 1101 282 1151 ut
295 1094 413 1166 Ennius,

228 1213 306 1264 Simia
319 1229 392 1278 quum
408 1215 493 1263 similis
508 1215 647 1278 turpissima
659 1215 739 1265 bestia
752 1216 836 1264 nobis!

130 1330 173 1389 Aa
188 1351 280 1390 mores
294 1332 324 1389 in
339 1339 462 1410 utroque
477 1332 611 1409 dispares.
647 1332 811 1410 Elephanto
826 1333 974 1391 beluarum

130 1411 209 1469 nulla
222 1412 398 1489 prudentior.
441 1413 484 1470 At
497 1412 589 1490 figura
605 1432 677 1490 quae
692 1415 817 1471 vastiori
859 1419 905 1471 98.
927 1413 974 1471 ])ιι

130 1492 230 1550 bestiis
244 1493 353 1570 loquor.
396 1491 493 1561 Quid?
509 1493 584 1551 inter
597 1493 676 1570 ipsos
689 1493 821 1550 homines
835 1512 930 1550 nonne
945 1501 975 1550 et

131 1572 284 1630 simillimis
298 1573 401 1630 formis
417 1573 544 1649 dispares
561 1592 656 1631 mores
673 1580 702 1630 et
719 1572 847 1630 moribus
864 1572 975 1630 similli-

131 1654 186 1709 mis
196 1652 288 1729 figura
302 1652 468 1710 dissimilis?
505 1653 620 1710 Etenim
636 1653 659 1709 si
671 1652 766 1724 semel,
775 1652 877 1722 Vellei,
888 1654 975 1710 susci-

131 1733 227 1809 pimus
238 1752 329 1809 genus
339 1732 395 1790 hoc
406 1733 576 1808 argumenti,
587 1733 704 1790 attende
716 1751 772 1809 quo
787 1739 888 1809 serpat.
927 1733 973 1791 Tu

132 1813 207 1870 enim
227 1812 358 1870 sumebas
368 1813 424 1869 nisi
438 1812 468 1869 in
483 1812 609 1870 hominis
622 1811 714 1889 figura
727 1812 867 1869 rationem
881 1812 974 1871 inesse

131 1912 190 1950 non
209 1909 309 1969 posse:
338 1898 432 1950 sumet
451 1892 523 1949 alius
542 1893 597 1949 nisi
616 1893 646 1949 in
665 1893 799 1964 terrestri,
814 1892 870 1949 nisi
888 1893 919 1949 in
939 1913 974 1950 eo

133 1973 182 2050 qui
203 1979 288 2029 natus
310 1972 355 2043 sit,
374 1972 430 2028 nisi
450 1972 481 2029 in
503 1991 537 2030 co
560 1972 609 2048 qui
629 1972 792 2044 adoleverit,
810 1972 866 2029 nisi
886 1973 918 2029 in
939 1993 974 2030 eo

133 2053 183 2129 qui
192 2052 337 2123 didicerit,
350 2052 405 2109 nisi
422 2053 453 2109 in
468 2072 501 2110 eo
517 2053 615 2129 quiex
632 2052 728 2110 animo
746 2058 857 2110 constet
871 2058 900 2110 et
914 2071 975 2110 cor-

132 2151 201 2209 pore
218 2133 326 2190 caduco
343 2140 372 2190 et
386 2132 508 2201 infirmo,
521 2139 667 2209 postremo
684 2132 740 2189 nisi
753 2132 784 2188 in
798 2132 916 2189 homine
934 2139 975 2188 at-

133 2233 188 2290 que
202 2211 323 2270 mortali.
362 2212 485 2286 Quodsi
499 2213 529 2269 in
544 2212 677 2270 omnibus
690 2211 736 2268 his
750 2211 833 2269 rebus
848 2211 972 2282 obsistis,

133 2293 263 2369 quidest
282 2292 405 2369 quodte
426 2311 483 2350 una
499 2294 594 2350 forma
614 2290 784 2350 conturbet?
818 2291 874 2348 His
895 2290 975 2348 enirn

133 2372 274 2443 omnibus
290 2391 362 2449 quae
378 2373 524 2450 proposui,
540 2372 683 2430 adiunctis
699 2372 730 2428 in
750 2370 868 2428 homine
888 2371 976 2427 ratio-

131 2472 199 2510 nem
213 2471 273 2510 esse
284 2460 313 2510 et
323 2460 448 2510 mentem
461 2452 584 2510 videbas
614 2451 726 2520 Quibus
740 2451 875 2508 detractis
886 2451 975 2509 deum

132 2539 229 2590 tamen
255 2551 339 2590 nosse
366 2539 395 2590 te
420 2532 499 2604 dicis,
517 2532 605 2589 modo
630 2531 803 2589 lineamenta
828 2538 974 2600 maneant.

132 2612 198 2669 Hoc
219 2619 263 2670 est
282 2632 342 2669 non
363 2612 548 2684 considerare,
565 2612 615 2670 sed
637 2612 717 2688 quasi
735 2610 830 2668 sortiri
848 2610 918 2686 quid
935 2610 977 2668 lo-

67 2691 69 2695 ’
132 2711 226 2767 quare.
270 2697 316 2749 99.
335 2691 400 2748 Nisi
413 2693 490 2749 forte
506 2711 543 2748 ne
559 2691 615 2749 hoc
633 2691 749 2768 quidem
767 2689 901 2759 attendis
913 2709 976 2746 non

132 2771 220 2828 modo
237 2770 268 2828 in
284 2771 411 2842 homine,
424 2772 473 2829 sed
490 2772 577 2829 etiam
593 2772 624 2829 in
645 2769 745 2828 arbore
767 2768 910 2845 quidquid
931 2788 978 2826 su-

132 2868 336 2925 pervacaneum
349 2852 386 2908 sit
395 2859 445 2909 aut
455 2871 538 2908 usum
549 2871 607 2909 non
618 2849 722 2907 habeat
733 2848 854 2906 obstare.
881 2846 977 2915 Quam

132 2928 235 2986 molest
223 2936 284 2986 tum
306 2937 350 2986 est
373 2950 431 2986 uno
453 2931 546 3006 digito
516 2930 634 3008 tplus
654 2929 776 2988 haberel
814 2930 893 3000 Quid
916 2930 977 2987 ital

133 3008 200 3083 quia
213 3026 266 3064 nec
280 3007 316 3064 ad
331 3010 454 3084 speciem
469 3029 521 3067 nec
535 3011 570 3068 ad
585 3031 667 3067 usum
683 3011 771 3069 alium
788 3013 914 3089 quinque
929 3010 977 3068 de-

133 3087 265 3144 siderant.
308 3087 453 3146 Tuust
404 3095 453 3146 aut
455 3108 499 3145 em
517 3089 586 3145 deus
603 3110 660 3146 non
679 3092 752 3166 digit
755 3113 772 3148 0
794 3112 851 3148 uno
874 3091 976 3148 redun-

133 3166 191 3233 dat,
202 3166 251 3222 sed
266 3168 341 3240 capii
342 3188 359 3222 ιι
361 3167 460 3237 rollo,
469 3168 682 3240 cervicibus,
644 3171 682 3226 lat
684 3173 786 3240 eribus,
799 3170 871 3243 alv0,
882 3179 974 3246 tergo,
