<?xml version="1.0" encoding="UTF-8"?>
<!DOCTYPE html PUBLIC "-//W3C//DTD XHTML 1.0 Transitional//EN"
    "http://www.w3.org/TR/xhtml1/DTD/xhtml1-transitional.dtd">
<html xmlns="http://www.w3.org/1999/xhtml" xml:lang="en" lang="en">
 <head>
  <title>
</title>
<meta http-equiv="Content-Type" content="text/html;charset=utf-8" />
  <meta name='ocr-system' content='tesseract 3.04.00' />
  <meta name='ocr-capabilities' content='ocr_page ocr_carea ocr_par ocr_line ocrx_word'/>
</head>
<body>
  <div class='ocr_page' id='page_1' title='image "./mtulliiciceroni106cicegoog/mtulliiciceroni106cicegoog_0073.png"; bbox 0 0 2220 3432; ppageno 0'>
   <div class='ocr_carea' id='block_1_1' title="bbox 150 89 763 142">
    <p class='ocr_par' dir='ltr' id='par_1_1' title="bbox 150 89 763 142">
     <span class='ocr_line' id='line_1_1' title="bbox 150 89 763 142; baseline -0.005 -1"><span class='ocrx_word' id='word_1_1' title='bbox 150 93 182 142; x_wconf 81' lang='lat'>62</span> <span class='ocrx_word' id='word_1_2' title='bbox 369 90 419 140; x_wconf 85' lang='lat' dir='ltr'>DE</span> <span class='ocrx_word' id='word_1_3' title='bbox 436 90 586 140; x_wconf 82' lang='lat' dir='ltr'>NATURA</span> <span class='ocrx_word' id='word_1_4' title='bbox 602 89 763 140; x_wconf 81' lang='lat' dir='ltr'><strong>DEORUM.</strong></span> 
     </span>
    </p>
   </div>
   <div class='ocr_carea' id='block_1_2' title="bbox 140 190 997 3222">
    <p class='ocr_par' dir='ltr' id='par_1_2' title="bbox 140 190 997 3222">
     <span class='ocr_line' id='line_1_2' title="bbox 150 190 992 260; baseline 0 -10"><span class='ocrx_word' id='word_1_5' title='bbox 150 192 310 251; x_wconf 79' lang='lat' dir='ltr'>mobilitate</span> <span class='ocrx_word' id='word_1_6' title='bbox 332 192 477 250; x_wconf 89' lang='lat' dir='ltr'>celerrima</span> <span class='ocrx_word' id='word_1_7' title='bbox 498 211 566 250; x_wconf 85' lang='lat' dir='ltr'>esse.</span> <span class='ocrx_word' id='word_1_8' title='bbox 608 191 672 260; x_wconf 82' lang='lat' dir='ltr'>Qua</span> <span class='ocrx_word' id='word_1_9' title='bbox 692 211 722 248; x_wconf 88' lang='lat' dir='ltr'>re</span> <span class='ocrx_word' id='word_1_10' title='bbox 743 211 809 249; x_wconf 91' lang='lat' dir='ltr'>cum</span> <span class='ocrx_word' id='word_1_11' title='bbox 825 192 855 248; x_wconf 92' lang='lat' dir='ltr'>in</span> <span class='ocrx_word' id='word_1_12' title='bbox 876 190 992 250; x_wconf 76' lang='lat' dir='ltr'>aethere</span> 
     </span>
     <span class='ocr_line' id='line_1_3' title="bbox 150 271 993 350; baseline -0.004 -19"><span class='ocrx_word' id='word_1_13' title='bbox 150 280 227 331; x_wconf 85' lang='lat' dir='ltr'>astra</span> <span class='ocrx_word' id='word_1_14' title='bbox 238 274 402 350; x_wconf 84' lang='lat' dir='ltr'>gignantur,</span> <span class='ocrx_word' id='word_1_15' title='bbox 415 279 637 330; x_wconf 86' lang='lat' dir='ltr'>consentaneum</span> <span class='ocrx_word' id='word_1_16' title='bbox 654 272 742 329; x_wconf 91' lang='lat' dir='ltr'>estin</span> <span class='ocrx_word' id='word_1_17' title='bbox 759 271 804 328; x_wconf 87' lang='lat' dir='ltr'>his</span> <span class='ocrx_word' id='word_1_18' title='bbox 821 291 934 329; x_wconf 88' lang='lat' dir='ltr'>sensum</span> <span class='ocrx_word' id='word_1_19' title='bbox 949 273 993 329; x_wconf 93' lang='lat' dir='ltr'>in-</span> 
     </span>
     <span class='ocr_line' id='line_1_4' title="bbox 150 351 993 429; baseline 0 -19"><span class='ocrx_word' id='word_1_20' title='bbox 150 373 211 411; x_wconf 83' lang='lat' dir='ltr'>esse</span> <span class='ocrx_word' id='word_1_21' title='bbox 225 362 255 411; x_wconf 91' lang='lat' dir='ltr'>et</span> <span class='ocrx_word' id='word_1_22' title='bbox 264 353 498 429; x_wconf 77' lang='lat' dir='ltr'>intellegentiam,</span> <span class='ocrx_word' id='word_1_23' title='bbox 509 371 544 409; x_wconf 87' lang='lat' dir='ltr'>ex</span> <span class='ocrx_word' id='word_1_24' title='bbox 559 371 615 428; x_wconf 89' lang='lat' dir='ltr'>quo</span> <span class='ocrx_word' id='word_1_25' title='bbox 630 351 752 408; x_wconf 90' lang='lat' dir='ltr'>efficitur</span> <span class='ocrx_word' id='word_1_26' title='bbox 761 352 792 408; x_wconf 93' lang='lat' dir='ltr'>in</span> <span class='ocrx_word' id='word_1_27' title='bbox 806 352 925 410; x_wconf 92' lang='lat' dir='ltr'>deorum</span> <span class='ocrx_word' id='word_1_28' title='bbox 939 371 993 410; x_wconf 90' lang='lat' dir='ltr'>nu-</span> 
     </span>
     <span class='ocr_line' id='line_1_5' title="bbox 149 431 992 491; baseline -0.001 0"><span class='ocrx_word' id='word_1_29' title='bbox 149 453 229 491; x_wconf 87' lang='lat' dir='ltr'>mero</span> <span class='ocrx_word' id='word_1_30' title='bbox 243 441 319 490; x_wconf 86' lang='lat' dir='ltr'>astra</span> <span class='ocrx_word' id='word_1_31' title='bbox 332 452 393 490; x_wconf 87' lang='lat' dir='ltr'>esse</span> <span class='ocrx_word' id='word_1_32' title='bbox 407 432 544 489; x_wconf 86' lang='lat' dir='ltr'>ducenda.</span> <span class='ocrx_word' id='word_1_33' title='bbox 587 431 670 489; x_wconf 90' lang='lat' dir='ltr'><strong>XVI.</strong></span> <span class='ocrx_word' id='word_1_34' title='bbox 687 431 712 488; x_wconf 86' lang='lat' dir='ltr'>E</span> <span class='ocrx_word' id='word_1_35' title='bbox 726 432 802 489; x_wconf 91' lang='lat' dir='ltr'>enim</span> <span class='ocrx_word' id='word_1_36' title='bbox 816 431 883 489; x_wconf 91' lang='lat' dir='ltr'>licet</span> <span class='ocrx_word' id='word_1_37' title='bbox 893 432 992 490; x_wconf 89' lang='lat' dir='ltr'>videre</span> 
     </span>
     <span class='ocr_line' id='line_1_6' title="bbox 150 511 990 589; baseline -0.002 -19"><span class='ocrx_word' id='word_1_38' title='bbox 150 514 277 571; x_wconf 89' lang='lat' dir='ltr'>acutiora</span> <span class='ocrx_word' id='word_1_39' title='bbox 290 513 406 589; x_wconf 77' lang='lat' dir='ltr'>ingenia</span> <span class='ocrx_word' id='word_1_40' title='bbox 420 513 499 569; x_wconf 86' lang='lat' dir='ltr'>etad</span> <span class='ocrx_word' id='word_1_41' title='bbox 513 511 738 588; x_wconf 79' lang='lat' dir='ltr'>intellegendum</span> <span class='ocrx_word' id='word_1_42' title='bbox 752 511 864 589; x_wconf 89' lang='lat' dir='ltr'>aptiora</span> <span class='ocrx_word' id='word_1_43' title='bbox 880 531 990 583; x_wconf 82' lang='lat' dir='ltr'>eorum,</span> 
     </span>
     <span class='ocr_line' id='line_1_7' title="bbox 150 592 993 670; baseline 0 -20"><span class='ocrx_word' id='word_1_44' title='bbox 150 594 200 670; x_wconf 91' lang='lat' dir='ltr'>qui</span> <span class='ocrx_word' id='word_1_45' title='bbox 213 601 301 650; x_wconf 84' lang='lat' dir='ltr'>terras</span> <span class='ocrx_word' id='word_1_46' title='bbox 314 592 442 650; x_wconf 87' lang='lat' dir='ltr'>incolant</span> <span class='ocrx_word' id='word_1_47' title='bbox 456 611 510 663; x_wconf 84' lang='lat' dir='ltr'>eas,</span> <span class='ocrx_word' id='word_1_48' title='bbox 522 592 553 648; x_wconf 96' lang='lat' dir='ltr'>in</span> <span class='ocrx_word' id='word_1_49' title='bbox 567 592 671 668; x_wconf 85' lang='lat' dir='ltr'>quibus</span> <span class='ocrx_word' id='word_1_50' title='bbox 685 598 735 648; x_wconf 73' lang='lat' dir='ltr'>aer</span> <span class='ocrx_word' id='word_1_51' title='bbox 748 592 786 648; x_wconf 88' lang='lat' dir='ltr'>sit</span> <span class='ocrx_word' id='word_1_52' title='bbox 800 610 889 670; x_wconf 91' lang='lat' dir='ltr'>purus</span> <span class='ocrx_word' id='word_1_53' title='bbox 903 611 936 649; x_wconf 90' lang='lat' dir='ltr'>ac</span> <span class='ocrx_word' id='word_1_54' title='bbox 950 600 993 650; x_wconf 89' lang='lat' dir='ltr'>te-</span> 
     </span>
     <span class='ocr_line' id='line_1_8' title="bbox 149 672 992 749; baseline 0 -19"><span class='ocrx_word' id='word_1_55' title='bbox 149 674 221 743; x_wconf 87' lang='lat' dir='ltr'>nuis,</span> <span class='ocrx_word' id='word_1_56' title='bbox 237 692 323 749; x_wconf 87' lang='lat' dir='ltr'>quarn</span> <span class='ocrx_word' id='word_1_57' title='bbox 344 672 467 741; x_wconf 84' lang='lat' dir='ltr'>illorum,</span> <span class='ocrx_word' id='word_1_58' title='bbox 483 673 533 748; x_wconf 94' lang='lat' dir='ltr'>qui</span> <span class='ocrx_word' id='word_1_59' title='bbox 553 679 670 729; x_wconf 87' lang='lat' dir='ltr'>utantur</span> <span class='ocrx_word' id='word_1_60' title='bbox 691 691 784 730; x_wconf 84' lang='lat' dir='ltr'>crasso</span> <span class='ocrx_word' id='word_1_61' title='bbox 805 672 882 729; x_wconf 89' lang='lat' dir='ltr'>caelo</span> <span class='ocrx_word' id='word_1_62' title='bbox 904 679 992 749; x_wconf 90' lang='lat' dir='ltr'>atque</span> 
     </span>
     <span class='ocr_line' id='line_1_9' title="bbox 150 750 992 829; baseline 0 -20"><span class='ocrx_word' id='word_1_63' title='bbox 150 762 291 810; x_wconf 73' lang='lat' dir='ltr'>concreto,</span> <span class='ocrx_word' id='word_1_64' title='bbox 334 757 380 809; x_wconf 84' lang='lat'>43.</span> <span class='ocrx_word' id='word_1_65' title='bbox 399 751 476 819; x_wconf 81' lang='lat' dir='ltr'>Quin</span> <span class='ocrx_word' id='word_1_66' title='bbox 497 752 583 809; x_wconf 91' lang='lat' dir='ltr'>etiarn</span> <span class='ocrx_word' id='word_1_67' title='bbox 600 750 666 809; x_wconf 90' lang='lat' dir='ltr'>cibo</span> <span class='ocrx_word' id='word_1_68' title='bbox 684 771 741 829; x_wconf 91' lang='lat' dir='ltr'>quo</span> <span class='ocrx_word' id='word_1_69' title='bbox 758 759 838 808; x_wconf 87' lang='lat' dir='ltr'>utare</span> <span class='ocrx_word' id='word_1_70' title='bbox 854 752 992 809; x_wconf 87' lang='lat' dir='ltr'>interesse</span> 
     </span>
     <span class='ocr_line' id='line_1_10' title="bbox 149 830 993 909; baseline 0 -21"><span class='ocrx_word' id='word_1_71' title='bbox 149 832 258 909; x_wconf 90' lang='lat' dir='ltr'>aliquid</span> <span class='ocrx_word' id='word_1_72' title='bbox 276 831 312 888; x_wconf 84' lang='lat' dir='ltr'>ad</span> <span class='ocrx_word' id='word_1_73' title='bbox 328 833 434 889; x_wconf 91' lang='lat' dir='ltr'>mentis</span> <span class='ocrx_word' id='word_1_74' title='bbox 450 832 540 889; x_wconf 89' lang='lat' dir='ltr'>aciem</span> <span class='ocrx_word' id='word_1_75' title='bbox 554 839 666 908; x_wconf 85' lang='lat' dir='ltr'>putant.</span> <span class='ocrx_word' id='word_1_76' title='bbox 709 830 862 889; x_wconf 83' lang='lat' dir='ltr'>Probabile</span> <span class='ocrx_word' id='word_1_77' title='bbox 879 839 922 889; x_wconf 89' lang='lat' dir='ltr'>est</span> <span class='ocrx_word' id='word_1_78' title='bbox 938 832 993 908; x_wconf 82' lang='lat' dir='ltr'>igi-</span> 
     </span>
     <span class='ocr_line' id='line_1_11' title="bbox 149 911 991 989; baseline 0.001 -21"><span class='ocrx_word' id='word_1_79' title='bbox 149 922 197 969; x_wconf 85' lang='lat' dir='ltr'>tur·</span> <span class='ocrx_word' id='word_1_80' title='bbox 207 917 399 989; x_wconf 84' lang='lat' dir='ltr'>praestantem</span> <span class='ocrx_word' id='word_1_81' title='bbox 410 911 634 988; x_wconf 76' lang='lat' dir='ltr'>intellegentiam</span> <span class='ocrx_word' id='word_1_82' title='bbox 645 912 675 968; x_wconf 95' lang='lat' dir='ltr'>in</span> <span class='ocrx_word' id='word_1_83' title='bbox 688 911 827 968; x_wconf 87' lang='lat' dir='ltr'>sideribus</span> <span class='ocrx_word' id='word_1_84' title='bbox 838 931 906 981; x_wconf 84' lang='lat' dir='ltr'>esse,</span> <span class='ocrx_word' id='word_1_85' title='bbox 917 931 991 988; x_wconf 88' lang='lat' dir='ltr'>quae</span> 
     </span>
     <span class='ocr_line' id='line_1_12' title="bbox 149 990 992 1068; baseline -0.001 -19"><span class='ocrx_word' id='word_1_86' title='bbox 149 1000 179 1049; x_wconf 91' lang='lat' dir='ltr'>et</span> <span class='ocrx_word' id='word_1_87' title='bbox 193 990 348 1049; x_wconf 88' lang='lat' dir='ltr'>aetheriam</span> <span class='ocrx_word' id='word_1_88' title='bbox 365 998 476 1068; x_wconf 88' lang='lat' dir='ltr'>partem</span> <span class='ocrx_word' id='word_1_89' title='bbox 492 992 594 1048; x_wconf 91' lang='lat' dir='ltr'>mundi</span> <span class='ocrx_word' id='word_1_90' title='bbox 608 991 743 1063; x_wconf 89' lang='lat' dir='ltr'>incolant,</span> <span class='ocrx_word' id='word_1_91' title='bbox 756 998 785 1049; x_wconf 88' lang='lat' dir='ltr'>et</span> <span class='ocrx_word' id='word_1_92' title='bbox 801 991 919 1048; x_wconf 91' lang='lat' dir='ltr'>marinis</span> <span class='ocrx_word' id='word_1_93' title='bbox 937 999 992 1048; x_wconf 91' lang='lat' dir='ltr'>ter·</span> 
     </span>
     <span class='ocr_line' id='line_1_13' title="bbox 149 1070 992 1148; baseline -0.001 -19"><span class='ocrx_word' id='word_1_94' title='bbox 149 1072 280 1148; x_wconf 79' lang='lat' dir='ltr'>ranisque</span> <span class='ocrx_word' id='word_1_95' title='bbox 300 1070 448 1128; x_wconf 88' lang='lat' dir='ltr'>umoribus</span> <span class='ocrx_word' id='word_1_96' title='bbox 469 1071 556 1147; x_wconf 79' lang='lat' dir='ltr'>longo</span> <span class='ocrx_word' id='word_1_97' title='bbox 573 1071 721 1128; x_wconf 86' lang='lat' dir='ltr'>intervallo</span> <span class='ocrx_word' id='word_1_98' title='bbox 739 1072 898 1128; x_wconf 85' lang='lat' dir='ltr'>extenuatis</span> <span class='ocrx_word' id='word_1_99' title='bbox 914 1071 992 1128; x_wconf 86' lang='lat' dir='ltr'>alan-</span> 
     </span>
     <span class='ocr_line' id='line_1_14' title="bbox 148 1151 990 1228; baseline -0.001 -19"><span class='ocrx_word' id='word_1_100' title='bbox 148 1160 203 1210; x_wconf 90' lang='lat' dir='ltr'>tur.</span> <span class='ocrx_word' id='word_1_101' title='bbox 246 1151 368 1209; x_wconf 85' lang='lat' dir='ltr'>Sensum</span> <span class='ocrx_word' id='word_1_102' title='bbox 388 1158 484 1208; x_wconf 89' lang='lat' dir='ltr'>autem</span> <span class='ocrx_word' id='word_1_103' title='bbox 506 1159 645 1208; x_wconf 88' lang='lat' dir='ltr'>astrorum</span> <span class='ocrx_word' id='word_1_104' title='bbox 661 1159 746 1228; x_wconf 90' lang='lat' dir='ltr'>atque</span> <span class='ocrx_word' id='word_1_105' title='bbox 763 1151 990 1227; x_wconf 79' lang='lat' dir='ltr'>intellegentiam</span> 
     </span>
     <span class='ocr_line' id='line_1_15' title="bbox 148 1231 992 1308; baseline 0 -20"><span class='ocrx_word' id='word_1_106' title='bbox 148 1231 272 1289; x_wconf 85' lang='lat' dir='ltr'>maxime</span> <span class='ocrx_word' id='word_1_107' title='bbox 283 1231 407 1289; x_wconf 91' lang='lat' dir='ltr'>declarat</span> <span class='ocrx_word' id='word_1_108' title='bbox 418 1231 488 1289; x_wconf 89' lang='lat' dir='ltr'>ordo</span> <span class='ocrx_word' id='word_1_109' title='bbox 503 1251 602 1289; x_wconf 89' lang='lat' dir='ltr'>eorum</span> <span class='ocrx_word' id='word_1_110' title='bbox 616 1239 702 1308; x_wconf 87' lang='lat' dir='ltr'>atque</span> <span class='ocrx_word' id='word_1_111' title='bbox 716 1231 992 1289; x_wconf 88' lang='lat' dir='ltr'>constantia-nihil</span> 
     </span>
     <span class='ocr_line' id='line_1_16' title="bbox 149 1311 992 1388; baseline 0 -20"><span class='ocrx_word' id='word_1_112' title='bbox 149 1319 192 1368; x_wconf 91' lang='lat' dir='ltr'>est</span> <span class='ocrx_word' id='word_1_113' title='bbox 207 1312 284 1369; x_wconf 89' lang='lat' dir='ltr'>enim</span> <span class='ocrx_word' id='word_1_114' title='bbox 301 1311 379 1388; x_wconf 91' lang='lat' dir='ltr'>qnod</span> <span class='ocrx_word' id='word_1_115' title='bbox 393 1311 504 1368; x_wconf 88' lang='lat' dir='ltr'>ratione</span> <span class='ocrx_word' id='word_1_116' title='bbox 520 1318 549 1368; x_wconf 90' lang='lat' dir='ltr'>et</span> <span class='ocrx_word' id='word_1_117' title='bbox 563 1331 682 1369; x_wconf 90' lang='lat' dir='ltr'>numero</span> <span class='ocrx_word' id='word_1_118' title='bbox 697 1311 805 1369; x_wconf 91' lang='lat' dir='ltr'>moveri</span> <span class='ocrx_word' id='word_1_119' title='bbox 819 1311 911 1387; x_wconf 90' lang='lat' dir='ltr'>possit</span> <span class='ocrx_word' id='word_1_120' title='bbox 928 1312 992 1368; x_wconf 86' lang='lat' dir='ltr'>sine</span> 
     </span>
     <span class='ocr_line' id='line_1_17' title="bbox 149 1390 990 1468; baseline 0 -20"><span class='ocrx_word' id='word_1_121' title='bbox 149 1392 339 1449; x_wconf 91' lang='lat' dir='ltr'>consilio—in</span> <span class='ocrx_word' id='word_1_122' title='bbox 357 1411 414 1468; x_wconf 92' lang='lat' dir='ltr'>quo</span> <span class='ocrx_word' id='word_1_123' title='bbox 431 1390 503 1448; x_wconf 90' lang='lat' dir='ltr'>nihil</span> <span class='ocrx_word' id='word_1_124' title='bbox 520 1398 564 1449; x_wconf 88' lang='lat' dir='ltr'>est</span> <span class='ocrx_word' id='word_1_125' title='bbox 580 1391 771 1461; x_wconf 89' lang='lat' dir='ltr'>temerarium,</span> <span class='ocrx_word' id='word_1_126' title='bbox 782 1391 854 1448; x_wconf 92' lang='lat' dir='ltr'>nihil</span> <span class='ocrx_word' id='word_1_127' title='bbox 868 1391 990 1461; x_wconf 88' lang='lat' dir='ltr'>varium,</span> 
     </span>
     <span class='ocr_line' id='line_1_18' title="bbox 149 1471 991 1530; baseline 0 -2"><span class='ocrx_word' id='word_1_128' title='bbox 149 1472 220 1528; x_wconf 91' lang='lat' dir='ltr'>nihil</span> <span class='ocrx_word' id='word_1_129' title='bbox 234 1472 397 1530; x_wconf 81' lang='lat' dir='ltr'>fortuitum.</span> <span class='ocrx_word' id='word_1_130' title='bbox 440 1471 520 1529; x_wconf 91' lang='lat' dir='ltr'>Ordo</span> <span class='ocrx_word' id='word_1_131' title='bbox 542 1478 638 1529; x_wconf 86' lang='lat' dir='ltr'>autem</span> <span class='ocrx_word' id='word_1_132' title='bbox 660 1471 786 1528; x_wconf 89' lang='lat' dir='ltr'>siderum</span> <span class='ocrx_word' id='word_1_133' title='bbox 807 1478 836 1528; x_wconf 92' lang='lat' dir='ltr'>et</span> <span class='ocrx_word' id='word_1_134' title='bbox 857 1471 887 1527; x_wconf 93' lang='lat' dir='ltr'>in</span> <span class='ocrx_word' id='word_1_135' title='bbox 909 1473 991 1528; x_wconf 91' lang='lat' dir='ltr'>omni</span> 
     </span>
     <span class='ocr_line' id='line_1_19' title="bbox 149 1550 993 1628; baseline 0 -20"><span class='ocrx_word' id='word_1_136' title='bbox 149 1553 317 1610; x_wconf 86' lang='lat' dir='ltr'>aeternitate</span> <span class='ocrx_word' id='word_1_137' title='bbox 331 1552 492 1609; x_wconf 89' lang='lat' dir='ltr'>constantia</span> <span class='ocrx_word' id='word_1_138' title='bbox 505 1570 598 1628; x_wconf 90' lang='lat' dir='ltr'>neque</span> <span class='ocrx_word' id='word_1_139' title='bbox 614 1558 746 1608; x_wconf 89' lang='lat' dir='ltr'>naturam</span> <span class='ocrx_word' id='word_1_140' title='bbox 763 1550 993 1628; x_wconf 69' lang='lat' dir='ltr'>signifieat—est</span> 
     </span>
     <span class='ocr_line' id='line_1_20' title="bbox 149 1630 993 1708; baseline 0 -20"><span class='ocrx_word' id='word_1_141' title='bbox 149 1631 226 1688; x_wconf 91' lang='lat' dir='ltr'>enim</span> <span class='ocrx_word' id='word_1_142' title='bbox 247 1630 332 1708; x_wconf 89' lang='lat' dir='ltr'>plena</span> <span class='ocrx_word' id='word_1_143' title='bbox 352 1632 609 1707; x_wconf 87' lang='lat' dir='ltr'>rationis-neque</span> <span class='ocrx_word' id='word_1_144' title='bbox 630 1632 786 1702; x_wconf 79' lang='lat' dir='ltr'>fortunam,</span> <span class='ocrx_word' id='word_1_145' title='bbox 805 1649 877 1708; x_wconf 91' lang='lat' dir='ltr'>quae</span> <span class='ocrx_word' id='word_1_146' title='bbox 898 1632 993 1688; x_wconf 90' lang='lat' dir='ltr'>amica</span> 
     </span>
     <span class='ocr_line' id='line_1_21' title="bbox 149 1710 994 1788; baseline 0.001 -20"><span class='ocrx_word' id='word_1_147' title='bbox 149 1712 279 1768; x_wconf 84' lang='lat' dir='ltr'>varietati</span> <span class='ocrx_word' id='word_1_148' title='bbox 294 1712 483 1768; x_wconf 89' lang='lat' dir='ltr'>constantiam</span> <span class='ocrx_word' id='word_1_149' title='bbox 498 1711 614 1787; x_wconf 90' lang='lat' dir='ltr'>respuit.</span> <span class='ocrx_word' id='word_1_150' title='bbox 649 1710 784 1788; x_wconf 81' lang='lat' dir='ltr'>Sequitur</span> <span class='ocrx_word' id='word_1_151' title='bbox 798 1730 866 1788; x_wconf 85' lang='lat' dir='ltr'>ergo</span> <span class='ocrx_word' id='word_1_152' title='bbox 881 1719 914 1768; x_wconf 91' lang='lat' dir='ltr'>ut</span> <span class='ocrx_word' id='word_1_153' title='bbox 928 1712 994 1788; x_wconf 89' lang='lat' dir='ltr'>ipsa</span> 
     </span>
     <span class='ocr_line' id='line_1_22' title="bbox 150 1791 991 1868; baseline 0.002 -20"><span class='ocrx_word' id='word_1_154' title='bbox 150 1810 201 1848; x_wconf 90' lang='lat' dir='ltr'>sua</span> <span class='ocrx_word' id='word_1_155' title='bbox 217 1799 328 1868; x_wconf 87' lang='lat' dir='ltr'>sponte,</span> <span class='ocrx_word' id='word_1_156' title='bbox 341 1809 392 1847; x_wconf 90' lang='lat' dir='ltr'>suo</span> <span class='ocrx_word' id='word_1_157' title='bbox 410 1811 494 1848; x_wconf 88' lang='lat' dir='ltr'>sensu</span> <span class='ocrx_word' id='word_1_158' title='bbox 510 1810 543 1848; x_wconf 89' lang='lat' dir='ltr'>ae</span> <span class='ocrx_word' id='word_1_159' title='bbox 557 1791 707 1848; x_wconf 88' lang='lat' dir='ltr'>divinitate</span> <span class='ocrx_word' id='word_1_160' title='bbox 721 1799 897 1849; x_wconf 90' lang='lat' dir='ltr'>moveantur.</span> <span class='ocrx_word' id='word_1_161' title='bbox 940 1797 991 1850; x_wconf 91' lang='grc'>44.</span> 
     </span>
     <span class='ocr_line' id='line_1_23' title="bbox 150 1870 995 1948; baseline 0 -20"><span class='ocrx_word' id='word_1_162' title='bbox 150 1871 211 1928; x_wconf 91' lang='lat' dir='ltr'>Nee</span> <span class='ocrx_word' id='word_1_163' title='bbox 224 1889 291 1928; x_wconf 89' lang='lat' dir='ltr'>vero</span> <span class='ocrx_word' id='word_1_164' title='bbox 305 1870 475 1928; x_wconf 81' lang='lat' dir='ltr'>Aristoteles</span> <span class='ocrx_word' id='word_1_165' title='bbox 491 1890 549 1928; x_wconf 91' lang='lat' dir='ltr'>non</span> <span class='ocrx_word' id='word_1_166' title='bbox 564 1871 723 1928; x_wconf 85' lang='lat' dir='ltr'>laudandus</span> <span class='ocrx_word' id='word_1_167' title='bbox 739 1871 769 1928; x_wconf 95' lang='lat' dir='ltr'>in</span> <span class='ocrx_word' id='word_1_168' title='bbox 787 1891 821 1929; x_wconf 91' lang='lat' dir='ltr'>eo</span> <span class='ocrx_word' id='word_1_169' title='bbox 839 1871 917 1948; x_wconf 88' lang='lat' dir='ltr'>quod</span> <span class='ocrx_word' id='word_1_170' title='bbox 931 1890 995 1928; x_wconf 92' lang='lat' dir='ltr'>om-</span> 
     </span>
     <span class='ocr_line' id='line_1_24' title="bbox 149 1951 994 2028; baseline 0.001 -20"><span class='ocrx_word' id='word_1_171' title='bbox 149 1951 205 2019; x_wconf 86' lang='lat' dir='ltr'>nia,</span> <span class='ocrx_word' id='word_1_172' title='bbox 219 1970 291 2028; x_wconf 88' lang='lat' dir='ltr'>quae</span> <span class='ocrx_word' id='word_1_173' title='bbox 305 1958 464 2021; x_wconf 88' lang='lat' dir='ltr'>moventur,</span> <span class='ocrx_word' id='word_1_174' title='bbox 475 1961 525 2008; x_wconf 86' lang='lat' dir='ltr'>aut</span> <span class='ocrx_word' id='word_1_175' title='bbox 539 1958 640 2008; x_wconf 87' lang='lat' dir='ltr'>natura</span> <span class='ocrx_word' id='word_1_176' title='bbox 653 1952 762 2008; x_wconf 91' lang='lat' dir='ltr'>moveri</span> <span class='ocrx_word' id='word_1_177' title='bbox 777 1952 887 2008; x_wconf 90' lang='lat' dir='ltr'>censuit</span> <span class='ocrx_word' id='word_1_178' title='bbox 901 1958 951 2008; x_wconf 89' lang='lat' dir='ltr'>aut</span> <span class='ocrx_word' id='word_1_179' title='bbox 962 1953 994 2010; x_wconf 87' lang='lat' dir='ltr'>vi</span> 
     </span>
     <span class='ocr_line' id='line_1_25' title="bbox 149 2030 995 2100; baseline 0.001 -12"><span class='ocrx_word' id='word_1_180' title='bbox 149 2039 200 2088; x_wconf 88' lang='lat' dir='ltr'>aut</span> <span class='ocrx_word' id='word_1_181' title='bbox 213 2031 368 2100; x_wconf 85' lang='lat' dir='ltr'>voluntate,</span> <span class='ocrx_word' id='word_1_182' title='bbox 381 2032 490 2088; x_wconf 90' lang='lat' dir='ltr'>moveri</span> <span class='ocrx_word' id='word_1_183' title='bbox 504 2039 600 2088; x_wconf 91' lang='lat' dir='ltr'>autem</span> <span class='ocrx_word' id='word_1_184' title='bbox 616 2030 704 2089; x_wconf 90' lang='lat' dir='ltr'>solem</span> <span class='ocrx_word' id='word_1_185' title='bbox 720 2039 749 2088; x_wconf 91' lang='lat' dir='ltr'>et</span> <span class='ocrx_word' id='word_1_186' title='bbox 763 2032 860 2089; x_wconf 87' lang='lat' dir='ltr'>lunam</span> <span class='ocrx_word' id='word_1_187' title='bbox 876 2038 904 2088; x_wconf 93' lang='lat' dir='ltr'>et</span> <span class='ocrx_word' id='word_1_188' title='bbox 919 2031 995 2090; x_wconf 88' lang='lat' dir='ltr'>side-</span> 
     </span>
     <span class='ocr_line' id='line_1_26' title="bbox 149 2111 995 2188; baseline 0.001 -20"><span class='ocrx_word' id='word_1_189' title='bbox 149 2131 181 2168; x_wconf 91' lang='lat' dir='ltr'>ra</span> <span class='ocrx_word' id='word_1_190' title='bbox 197 2112 310 2168; x_wconf 89' lang='lat' dir='ltr'>omnia:</span> <span class='ocrx_word' id='word_1_191' title='bbox 333 2131 405 2188; x_wconf 90' lang='lat' dir='ltr'>quae</span> <span class='ocrx_word' id='word_1_192' title='bbox 421 2119 517 2168; x_wconf 86' lang='lat' dir='ltr'>autem</span> <span class='ocrx_word' id='word_1_193' title='bbox 534 2118 636 2169; x_wconf 86' lang='lat' dir='ltr'>natura</span> <span class='ocrx_word' id='word_1_194' title='bbox 652 2119 842 2182; x_wconf 87' lang='lat' dir='ltr'>moverentur,</span> <span class='ocrx_word' id='word_1_195' title='bbox 854 2111 924 2169; x_wconf 91' lang='lat' dir='ltr'>haee</span> <span class='ocrx_word' id='word_1_196' title='bbox 941 2121 995 2170; x_wconf 89' lang='lat' dir='ltr'>aut</span> 
     </span>
     <span class='ocr_line' id='line_1_27' title="bbox 149 2191 996 2268; baseline 0 -19"><span class='ocrx_word' id='word_1_197' title='bbox 149 2191 276 2268; x_wconf 90' lang='lat' dir='ltr'>pondere</span> <span class='ocrx_word' id='word_1_198' title='bbox 297 2191 430 2248; x_wconf 88' lang='lat' dir='ltr'>deorsum</span> <span class='ocrx_word' id='word_1_199' title='bbox 448 2199 499 2249; x_wconf 92' lang='lat' dir='ltr'>aut</span> <span class='ocrx_word' id='word_1_200' title='bbox 514 2191 630 2248; x_wconf 87' lang='lat' dir='ltr'>levitate</span> <span class='ocrx_word' id='word_1_201' title='bbox 647 2194 677 2248; x_wconf 94' lang='lat' dir='ltr'>in</span> <span class='ocrx_word' id='word_1_202' title='bbox 695 2191 815 2248; x_wconf 91' lang='lat' dir='ltr'>sublime</span> <span class='ocrx_word' id='word_1_203' title='bbox 832 2191 909 2262; x_wconf 87' lang='lat' dir='ltr'>ferri,</span> <span class='ocrx_word' id='word_1_204' title='bbox 922 2211 996 2268; x_wconf 85' lang='lat' dir='ltr'>quo-</span> 
     </span>
     <span class='ocr_line' id='line_1_28' title="bbox 149 2270 996 2349; baseline 0.002 -21"><span class='ocrx_word' id='word_1_205' title='bbox 149 2291 213 2329; x_wconf 91' lang='lat' dir='ltr'>rum</span> <span class='ocrx_word' id='word_1_206' title='bbox 230 2277 362 2329; x_wconf 91' lang='lat' dir='ltr'>nentrum</span> <span class='ocrx_word' id='word_1_207' title='bbox 381 2272 463 2329; x_wconf 85' lang='lat' dir='ltr'>astris</span> <span class='ocrx_word' id='word_1_208' title='bbox 480 2272 667 2348; x_wconf 81' lang='lat' dir='ltr'>contingeret,</span> <span class='ocrx_word' id='word_1_209' title='bbox 683 2279 834 2348; x_wconf 88' lang='lat' dir='ltr'>propterea</span> <span class='ocrx_word' id='word_1_210' title='bbox 851 2270 929 2349; x_wconf 87' lang='lat' dir='ltr'>quod</span> <span class='ocrx_word' id='word_1_211' title='bbox 946 2291 996 2330; x_wconf 91' lang='lat' dir='ltr'>eo·</span> 
     </span>
     <span class='ocr_line' id='line_1_29' title="bbox 149 2351 996 2428; baseline 0.001 -20"><span class='ocrx_word' id='word_1_212' title='bbox 149 2371 211 2409; x_wconf 92' lang='lat' dir='ltr'>rum</span> <span class='ocrx_word' id='word_1_213' title='bbox 227 2358 324 2409; x_wconf 92' lang='lat' dir='ltr'>motus</span> <span class='ocrx_word' id='word_1_214' title='bbox 337 2351 368 2407; x_wconf 94' lang='lat' dir='ltr'>in</span> <span class='ocrx_word' id='word_1_215' title='bbox 385 2351 484 2408; x_wconf 88' lang='lat' dir='ltr'>orbem</span> <span class='ocrx_word' id='word_1_216' title='bbox 501 2352 663 2428; x_wconf 84' lang='lat' dir='ltr'>circumque</span> <span class='ocrx_word' id='word_1_217' title='bbox 677 2353 806 2409; x_wconf 89' lang='lat' dir='ltr'>ferretur.</span> <span class='ocrx_word' id='word_1_218' title='bbox 849 2351 910 2408; x_wconf 92' lang='lat' dir='ltr'>Nec</span> <span class='ocrx_word' id='word_1_219' title='bbox 924 2371 996 2410; x_wconf 81' lang='lat' dir='ltr'>vero</span> 
     </span>
     <span class='ocr_line' id='line_1_30' title="bbox 150 2431 996 2508; baseline 0 -19"><span class='ocrx_word' id='word_1_220' title='bbox 150 2432 208 2489; x_wconf 90' lang='lat' dir='ltr'>dici</span> <span class='ocrx_word' id='word_1_221' title='bbox 219 2437 315 2508; x_wconf 88' lang='lat' dir='ltr'>potest</span> <span class='ocrx_word' id='word_1_222' title='bbox 326 2431 354 2488; x_wconf 88' lang='lat' dir='ltr'>vi</span> <span class='ocrx_word' id='word_1_223' title='bbox 369 2431 492 2508; x_wconf 79' lang='lat' dir='ltr'>quadani</span> <span class='ocrx_word' id='word_1_224' title='bbox 506 2432 614 2488; x_wconf 88' lang='lat' dir='ltr'>maiore</span> <span class='ocrx_word' id='word_1_225' title='bbox 625 2431 685 2488; x_wconf 88' lang='lat' dir='ltr'>fieri</span> <span class='ocrx_word' id='word_1_226' title='bbox 699 2438 732 2488; x_wconf 92' lang='lat' dir='ltr'>ut</span> <span class='ocrx_word' id='word_1_227' title='bbox 746 2439 846 2488; x_wconf 86' lang='lat' dir='ltr'>eontra</span> <span class='ocrx_word' id='word_1_228' title='bbox 859 2437 996 2490; x_wconf 88' lang='lat' dir='ltr'>naturam</span> 
     </span>
     <span class='ocr_line' id='line_1_31' title="bbox 149 2510 997 2587; baseline 0.001 -19"><span class='ocrx_word' id='word_1_229' title='bbox 149 2518 410 2569; x_wconf 84' lang='lat' dir='ltr'>astramoveantur.</span> <span class='ocrx_word' id='word_1_230' title='bbox 443 2510 522 2579; x_wconf 83' lang='lat' dir='ltr'>Quae</span> <span class='ocrx_word' id='word_1_231' title='bbox 533 2511 610 2568; x_wconf 90' lang='lat' dir='ltr'>enim</span> <span class='ocrx_word' id='word_1_232' title='bbox 621 2518 717 2587; x_wconf 88' lang='lat' dir='ltr'>potest</span> <span class='ocrx_word' id='word_1_233' title='bbox 727 2512 819 2569; x_wconf 91' lang='lat' dir='ltr'>maior</span> <span class='ocrx_word' id='word_1_234' title='bbox 829 2513 908 2569; x_wconf 75' lang='lat' dir='ltr'>esaei</span> <span class='ocrx_word' id='word_1_235' title='bbox 938 2511 997 2570; x_wconf 89' lang='lat' dir='ltr'>Re·</span> 
     </span>
     <span class='ocr_line' id='line_1_32' title="bbox 150 2590 996 2667; baseline 0.002 -19"><span class='ocrx_word' id='word_1_236' title='bbox 150 2598 208 2650; x_wconf 88' lang='lat' dir='ltr'>stat</span> <span class='ocrx_word' id='word_1_237' title='bbox 221 2590 310 2667; x_wconf 82' lang='lat' dir='ltr'>igitur</span> <span class='ocrx_word' id='word_1_238' title='bbox 324 2598 357 2648; x_wconf 93' lang='lat' dir='ltr'>ut</span> <span class='ocrx_word' id='word_1_239' title='bbox 370 2598 467 2648; x_wconf 87' lang='lat' dir='ltr'>motus</span> <span class='ocrx_word' id='word_1_240' title='bbox 481 2599 622 2649; x_wconf 87' lang='lat' dir='ltr'>astrorum</span> <span class='ocrx_word' id='word_1_241' title='bbox 637 2592 675 2648; x_wconf 90' lang='lat' dir='ltr'>sit</span> <span class='ocrx_word' id='word_1_242' title='bbox 689 2591 872 2649; x_wconf 80' lang='lat' dir='ltr'>voluntarius,</span> <span class='ocrx_word' id='word_1_243' title='bbox 912 2591 996 2659; x_wconf 78' lang='lat' dir='ltr'>Quae</span> 
     </span>
     <span class='ocr_line' id='line_1_33' title="bbox 150 2670 997 2748; baseline 0.004 -21"><span class='ocrx_word' id='word_1_244' title='bbox 150 2671 200 2748; x_wconf 91' lang='lat' dir='ltr'>qui</span> <span class='ocrx_word' id='word_1_245' title='bbox 210 2671 307 2728; x_wconf 87' lang='lat' dir='ltr'>videat</span> <span class='ocrx_word' id='word_1_246' title='bbox 321 2691 379 2728; x_wconf 89' lang='lat' dir='ltr'>non</span> <span class='ocrx_word' id='word_1_247' title='bbox 391 2671 508 2728; x_wconf 85' lang='lat' dir='ltr'>indocte</span> <span class='ocrx_word' id='word_1_248' title='bbox 522 2671 623 2739; x_wconf 86' lang='lat' dir='ltr'>solnm,</span> <span class='ocrx_word' id='word_1_249' title='bbox 633 2691 730 2728; x_wconf 90' lang='lat' dir='ltr'>verum</span> <span class='ocrx_word' id='word_1_250' title='bbox 746 2672 832 2729; x_wconf 90' lang='lat' dir='ltr'>etiam</span> <span class='ocrx_word' id='word_1_251' title='bbox 847 2670 936 2748; x_wconf 89' lang='lat' dir='ltr'>impie</span> <span class='ocrx_word' id='word_1_252' title='bbox 951 2673 997 2730; x_wconf 83' lang='lat' dir='ltr'>fa·</span> 
     </span>
     <span class='ocr_line' id='line_1_34' title="bbox 150 2750 996 2826; baseline 0.004 -19"><span class='ocrx_word' id='word_1_253' title='bbox 150 2751 215 2822; x_wconf 89' lang='lat' dir='ltr'>ciat,</span> <span class='ocrx_word' id='word_1_254' title='bbox 231 2751 255 2807; x_wconf 87' lang='lat' dir='ltr'>si</span> <span class='ocrx_word' id='word_1_255' title='bbox 272 2751 341 2808; x_wconf 88' lang='lat' dir='ltr'>deos</span> <span class='ocrx_word' id='word_1_256' title='bbox 358 2769 418 2808; x_wconf 88' lang='lat' dir='ltr'>csse</span> <span class='ocrx_word' id='word_1_257' title='bbox 435 2758 528 2826; x_wconf 84' lang='lat' dir='ltr'>neget.</span> <span class='ocrx_word' id='word_1_258' title='bbox 571 2750 632 2808; x_wconf 92' lang='lat' dir='ltr'>Nec</span> <span class='ocrx_word' id='word_1_259' title='bbox 649 2770 715 2808; x_wconf 89' lang='lat' dir='ltr'>sane</span> <span class='ocrx_word' id='word_1_260' title='bbox 732 2752 856 2809; x_wconf 91' lang='lat' dir='ltr'>multum</span> <span class='ocrx_word' id='word_1_261' title='bbox 872 2751 996 2811; x_wconf 86' lang='lat' dir='ltr'>interest</span> 
     </span>
     <span class='ocr_line' id='line_1_35' title="bbox 151 2830 996 2907; baseline 0.005 -21"><span class='ocrx_word' id='word_1_262' title='bbox 151 2837 248 2886; x_wconf 89' lang='lat' dir='ltr'>utrum</span> <span class='ocrx_word' id='word_1_263' title='bbox 265 2830 296 2886; x_wconf 91' lang='lat' dir='ltr'>id</span> <span class='ocrx_word' id='word_1_264' title='bbox 312 2837 398 2906; x_wconf 81' lang='lat' dir='ltr'>neget</span> <span class='ocrx_word' id='word_1_265' title='bbox 414 2849 450 2886; x_wconf 89' lang='lat' dir='ltr'>an</span> <span class='ocrx_word' id='word_1_266' title='bbox 468 2849 516 2887; x_wconf 86' lang='lat' dir='ltr'>eos</span> <span class='ocrx_word' id='word_1_267' title='bbox 533 2831 614 2887; x_wconf 92' lang='lat' dir='ltr'>omni</span> <span class='ocrx_word' id='word_1_268' title='bbox 630 2832 830 2906; x_wconf 84' lang='lat' dir='ltr'>procuratione</span> <span class='ocrx_word' id='word_1_269' title='bbox 846 2838 932 2907; x_wconf 90' lang='lat' dir='ltr'>atque</span> <span class='ocrx_word' id='word_1_270' title='bbox 949 2849 996 2890; x_wconf 86' lang='lat' dir='ltr'>ac·</span> 
     </span>
     <span class='ocr_line' id='line_1_36' title="bbox 151 2909 996 2987; baseline 0.006 -23"><span class='ocrx_word' id='word_1_271' title='bbox 151 2909 231 2964; x_wconf 88' lang='lat' dir='ltr'>tione</span> <span class='ocrx_word' id='word_1_272' title='bbox 247 2909 356 2983; x_wconf 89' lang='lat' dir='ltr'>privet:</span> <span class='ocrx_word' id='word_1_273' title='bbox 377 2909 451 2966; x_wconf 91' lang='lat' dir='ltr'>mihi</span> <span class='ocrx_word' id='word_1_274' title='bbox 468 2909 545 2966; x_wconf 89' lang='lat' dir='ltr'>enim</span> <span class='ocrx_word' id='word_1_275' title='bbox 563 2911 612 2986; x_wconf 90' lang='lat' dir='ltr'>qui</span> <span class='ocrx_word' id='word_1_276' title='bbox 628 2910 700 2966; x_wconf 89' lang='lat' dir='ltr'>nihil</span> <span class='ocrx_word' id='word_1_277' title='bbox 715 2912 775 2987; x_wconf 82' lang='lat' dir='ltr'>agit</span> <span class='ocrx_word' id='word_1_278' title='bbox 792 2931 851 2968; x_wconf 87' lang='lat' dir='ltr'>esse</span> <span class='ocrx_word' id='word_1_279' title='bbox 872 2913 996 2970; x_wconf 91' lang='lat' dir='ltr'>omnino</span> 
     </span>
     <span class='ocr_line' id='line_1_37' title="bbox 152 2987 995 3067; baseline 0.008 -25"><span class='ocrx_word' id='word_1_280' title='bbox 152 3005 211 3043; x_wconf 91' lang='lat' dir='ltr'>non</span> <span class='ocrx_word' id='word_1_281' title='bbox 222 2987 341 3044; x_wconf 86' lang='lat' dir='ltr'>videtur.</span> <span class='ocrx_word' id='word_1_282' title='bbox 379 2988 449 3046; x_wconf 89' lang='lat' dir='ltr'>Esse</span> <span class='ocrx_word' id='word_1_283' title='bbox 459 2989 548 3064; x_wconf 84' lang='lat' dir='ltr'>igitur</span> <span class='ocrx_word' id='word_1_284' title='bbox 561 2990 630 3047; x_wconf 87' lang='lat' dir='ltr'>deos</span> <span class='ocrx_word' id='word_1_285' title='bbox 640 2991 681 3046; x_wconf 91' lang='lat' dir='ltr'>ita</span> <span class='ocrx_word' id='word_1_286' title='bbox 691 2991 874 3067; x_wconf 90' lang='lat' dir='ltr'>perspicuum</span> <span class='ocrx_word' id='word_1_287' title='bbox 887 2998 995 3064; x_wconf 75' lang='lat' dir='ltr'>estut,</span> 
     </span>
     <span class='ocr_line' id='line_1_38' title="bbox 153 3065 994 3140; baseline 0.012 -20"><span class='ocrx_word' id='word_1_288' title='bbox 153 3065 184 3120; x_wconf 83' lang='lat' dir='ltr'>id</span> <span class='ocrx_word' id='word_1_289' title='bbox 194 3066 241 3140; x_wconf 91' lang='lat' dir='ltr'>qui</span> <span class='ocrx_word' id='word_1_290' title='bbox 252 3069 399 3140; x_wconf 72' lang='lat' dir='ltr'>negetrix</span> <span class='ocrx_word' id='word_1_291' title='bbox 409 3087 474 3124; x_wconf 85' lang='lat' dir='ltr'>eum</span> <span class='ocrx_word' id='word_1_292' title='bbox 484 3087 567 3126; x_wconf 87' lang='lat' dir='ltr'>sanae</span> <span class='ocrx_word' id='word_1_293' title='bbox 576 3071 681 3126; x_wconf 86' lang='lat' dir='ltr'>mentis</span> <span class='ocrx_word' id='word_1_294' title='bbox 690 3071 858 3128; x_wconf 87' lang='lat' dir='ltr'>existimem.</span> <span class='ocrx_word' id='word_1_295' title='bbox 890 3070 994 3130; x_wconf 89' lang='lat' dir='ltr'>XVII.</span> 
     </span>
     <span class='ocr_line' id='line_1_39' title="bbox 140 3143 994 3222; baseline 0.015 -25"><span class='ocrx_word' id='word_1_296' title='bbox 140 3187 142 3192; x_wconf 69' lang='grc'>,</span> <span class='ocrx_word' id='word_1_297' title='bbox 155 3149 202 3199; x_wconf 86' lang='grc'>45.</span> <span class='ocrx_word' id='word_1_298' title='bbox 219 3143 318 3201; x_wconf 83' lang='lat' dir='ltr'>Restat</span> <span class='ocrx_word' id='word_1_299' title='bbox 332 3157 364 3202; x_wconf 89' lang='lat' dir='ltr'>ut</span> <span class='ocrx_word' id='word_1_300' title='bbox 379 3147 469 3222; x_wconf 87' lang='lat' dir='ltr'>qualis</span> <span class='ocrx_word' id='word_1_301' title='bbox 486 3167 582 3206; x_wconf 87' lang='lat' dir='ltr'>eorum</span> <span class='ocrx_word' id='word_1_302' title='bbox 603 3159 702 3206; x_wconf 86' lang='lat' dir='ltr'>natura</span> <span class='ocrx_word' id='word_1_303' title='bbox 720 3151 756 3206; x_wconf 89' lang='lat' dir='ltr'>sit</span> <span class='ocrx_word' id='word_1_304' title='bbox 771 3149 994 3210; x_wconf 73' lang='lat' dir='ltr'>consideremus·</span> 
     </span>
    </p>
   </div>
   <div class='ocr_carea' id='block_1_3' title="bbox 0 0 1117 3432">
    <p class='ocr_par' dir='ltr' id='par_1_3' title="bbox 0 0 1117 3432">
     <span class='ocr_line' id='line_1_40' title="bbox 0 0 1117 3432; baseline 0 0"><span class='ocrx_word' id='word_1_305' title='bbox 0 0 1117 3432; x_wconf 95' lang='lat' dir='ltr'> </span> 
     </span>
    </p>
   </div>
  </div>
 </body>
</html>
