2220 3432
123 112 156 158 22
372 109 421 158 DE
437 108 587 159 NATURA
603 107 765 160 DEORUM.

123 209 285 287 argumenti
299 209 409 267 exitum
423 229 481 266 non
496 210 626 285 potestis
636 209 794 286 confugitis
808 209 963 270 addeum:

125 296 170 348 54.
189 291 270 347 cuius
287 308 402 366 operam
420 290 552 366 profecto
573 309 631 346 non
653 289 858 362 desideraretis,
871 291 896 348 si
912 292 965 348 im-

123 389 251 428 mensam
268 378 298 427 et
314 370 528 427 interminatam
546 371 576 427 in
594 389 694 427 omnes
710 377 805 447 partes
822 372 966 447 magnitn·
997 421 1000 424 .

123 451 220 508 dinem
239 449 391 526 regionum
408 450 551 521 videretis,
568 450 598 506 in
616 469 700 527 quam
719 469 748 507 se
767 451 887 508 iniciens
906 452 966 508 ani-

122 549 187 587 mus
207 537 236 587 et
253 529 406 586 intendens
422 530 463 586 ita
479 529 536 587 late
552 529 694 606 longeque
715 531 919 606 peregrinatur,
931 538 965 588 ut

122 610 231 667 nnllam
250 617 348 666 tamen
370 628 449 666 oram
470 609 566 667 ultimi
580 609 683 679 videat,
694 610 724 667 in
742 627 799 686 qua
814 611 906 686 possit
923 611 965 668 in-

122 691 228 747 sistere.
260 689 294 745 In
304 688 357 746 hac
368 689 457 764 igitur
466 689 659 747 immensitate
671 690 864 759 latitudinum,
873 690 966 766 longi-

121 769 264 839 tudinum,
278 768 463 826 altitudinum
477 769 589 826 infinita
599 770 641 826 vis
655 769 905 827 innumerabilium
917 790 965 827 vo-

122 850 186 907 litat
206 857 377 920 atomorum,
393 868 465 925 qnae
485 849 636 907 interiecto
658 850 737 906 inani
761 849 965 907 cohaerescunt

121 937 218 988 tamen
232 929 307 986 inter
321 948 350 986 se
365 935 394 986 et
408 929 478 986 aliae
492 930 561 988 alias
575 929 821 1006 apprehendentes
835 929 965 987 continu-

122 1018 222 1066 antur:
244 1028 280 1066 ex
297 1027 354 1085 quo
372 1008 533 1067 efficiuntur
549 1029 598 1066 eae
615 1029 709 1067 rerum
724 1009 835 1066 formae
851 1015 880 1066 et
894 1008 965 1086 figu-

121 1109 176 1160 rae,
194 1108 263 1166 quas
277 1108 328 1146 vos
349 1088 423 1146 effici
443 1108 528 1166 posse
549 1090 609 1146 sine
630 1089 749 1147 follibus
766 1096 795 1147 et
811 1089 964 1147 incudibus

122 1189 180 1226 non
194 1169 310 1246 putatis.
347 1168 448 1245 Itaque
459 1169 636 1247 imposuistis
647 1170 677 1227 in
689 1169 845 1228 cervicibus
859 1170 964 1227 nostris

122 1250 329 1327 sempiternum
343 1248 494 1306 dominum
510 1269 594 1326 quem
612 1249 673 1306 dies
690 1257 720 1307 et
736 1257 835 1308 noctes
852 1249 964 1324 timere·

122 1349 194 1387 mua.
237 1327 308 1397 Quis
322 1329 399 1392 enim
416 1349 475 1386 non
489 1329 591 1386 timeat
608 1330 705 1386 omnia
718 1331 917 1407 providentem
935 1336 976 1393 et.

122 1410 298 1486 cogitantem
310 1417 339 1467 et
350 1409 623 1466 animadvertentem
635 1417 665 1466 et
676 1411 773 1468 omnia
786 1411 823 1467 ad
838 1429 867 1467 se
878 1411 964 1487 perti-

122 1509 189 1547 nere
209 1496 360 1567 putantem
380 1490 523 1547 curiosum
545 1497 575 1546 et
594 1488 711 1566 plenum
728 1491 839 1566 negotii
859 1489 963 1548 denml

124 1577 170 1628 55.
189 1570 266 1628 Hinc
277 1569 359 1628 vobis
369 1570 480 1627 exstitit
493 1569 619 1646 primum
631 1569 679 1626 illa
692 1569 788 1626 fatalis
802 1571 961 1641 necessitas,

124 1670 210 1728 quam
231 1649 398 1726 εἱμαρμένην
415 1650 519 1720 dicitis,
532 1657 572 1720 ut,
585 1649 727 1726 quidquid
747 1650 865 1720 accidat,
877 1650 908 1706 id
929 1669 963 1707 ex

124 1738 238 1788 aeterna
251 1731 370 1788 veritate
391 1748 595 1806 causarumque
616 1729 832 1787 continuatione
848 1729 963 1787 fluxisse

124 1811 233 1867 dicatis.
276 1808 382 1878 Quanti
396 1816 491 1866 autem
506 1809 575 1867 haec
589 1808 773 1886 philosophia
787 1810 964 1867 aestimanda

124 1897 175 1960 est,
188 1890 234 1948 cui
247 1895 393 1966 tamqnam
409 1889 527 1946 aniculis
542 1896 571 1946 et
585 1890 620 1946 iis
635 1889 751 1967 quidem
766 1890 890 1948 indoctis
900 1891 963 1946 fato
995 1909 998 1912 ·

124 1970 184 2027 fieri
196 1969 345 2026 videantur
359 1969 473 2026 omnial
506 1969 641 2046 Sequitur
653 1973 769 2046 pavant
781 1977 881 2040 vestra,
892 1988 964 2047 qnae

125 2049 226 2106 Latine
246 2049 386 2107 divinatio
406 2049 519 2120 dicitnr,
534 2068 591 2126 qna
606 2057 688 2107 tanta
706 2049 900 2108 imbueremur
920 2069 965 2106 su·

124 2129 302 2206 perstitione,
314 2130 338 2186 si
351 2148 402 2186 vos
416 2129 513 2186 audire
528 2129 673 2200 vellemus,
685 2138 719 2187 ut
733 2130 905 2207 haruspices,
917 2148 965 2187 au-

124 2229 217 2286 gures,
229 2209 339 2280 harioli,
351 2216 437 2281 vateS,
449 2210 625 2268 coniectores
639 2210 721 2267 nobis
733 2218 826 2268 essent
841 2210 962 2268 colendi.

126 2295 172 2347 56.
191 2288 247 2346 His
258 2288 412 2347 terroribus
425 2289 461 2347 ab
475 2289 600 2366 Epicuro
615 2290 701 2348 soluti
716 2289 744 2348 et
759 2291 788 2346 in
803 2289 964 2348 libertatem

125 2369 263 2427 vindicati
283 2389 335 2428 nec
356 2370 511 2428 metuimus
532 2389 589 2441 eos,
605 2389 677 2447 quos
698 2369 891 2447 intellegimus
911 2389 964 2428 nec

125 2449 181 2508 sibi
197 2449 303 2526 fingere
319 2449 407 2508 ullam
423 2449 585 2507 molestiam
606 2469 658 2507 nec
675 2449 756 2508 alteri
778 2469 919 2527 quaerere,
935 2457 965 2507 et

125 2530 173 2608 pic
197 2536 349 2608 sancteque
373 2529 494 2586 colimus
516 2536 647 2587 naturam
670 2529 854 2588 excellentem
878 2536 964 2606 atque

125 2617 325 2687 praestantem.
368 2609 425 2666 Sed
446 2609 536 2666 elatus
557 2610 653 2667 studio
674 2628 772 2666 vereor
792 2629 829 2668 ne
850 2609 965 2685 longior

125 2690 239 2748 fuerim
288 2690 357 2746 Erat
377 2697 473 2746 autem
496 2688 610 2746 difficile
632 2708 692 2746 rem
714 2697 826 2746 tantam
847 2695 965 2766 tamque

125 2769 298 2844 praeclaram
314 2769 478 2826 incohatam
499 2769 665 2846 relinquere.
707 2769 889 2845 Quamquam
905 2787 965 2825 non

125 2856 186 2905 tam
200 2848 315 2906 dicendi
328 2849 401 2905 ratio
417 2849 489 2906 mihi
503 2849 634 2926 habenda
647 2849 705 2906 fuit
720 2868 805 2925 quam
820 2847 963 2906 audiendi.

166 2927 250 2984 XXI.
293 2928 338 2985 57.
361 2928 435 2985 Τιιιιι
457 2929 527 2987 0055
501 2937 545 2987 tta
568 2930 695 2995 comiter,
712 2938 743 2985 ιι5
766 2927 890 2985 solebat:
912 2927 966 2985 At·

126 3007 184 3083 qui,
197 3006 300 3083 inquit,
313 3007 414 3078 Vellei,
426 3010 482 3067 nisi
496 3018 528 3067 tu
546 3010 654 3102 ahquid
669 3009 796 3074 dixisses
809 3007 880 3064 nihil
898 3025 966 3064 sane

126 3105 161 3142 ex
175 3105 222 3143 mc
236 3087 351 3163 quidem
366 3053 463 3147 audire
478 3091 626 3166 potuisses
659 3087 731 3144 Mihi
746 3087 821 3143 enim
837 3093 965 3143 nontam

126 3165 231 3223 facile
225 3185 254 3222 m
265 3175 343 3224 ment
344 3187 388 3225 em
401 3170 495 3226 venire
507 3170 578 3226 solet
566 3177 644 3244 tqua
654 3186 683 3223 re
693 3185 789 3222 verum
806 3166 843 3222 sit
856 3164 966 3242 aliquid
