2224 3446
413 475 768 554 FRAGMENTA

473 661 587 713 HUIUS
606 661 709 711 LIBRI

578 793 601 852 1.

213 913 325 974 Gellius
345 923 415 975 noct.
434 915 523 975 Arrio.
538 916 587 975 lib.
603 916 671 976 VII.
693 912 782 994 (Vi),
798 936 859 994 cap.
879 913 939 995 2‚§
963 923 1010 976 15.

169 993 270 1075 Itaque
284 995 323 1055 M.
336 996 436 1055 Cicero
451 998 481 1054 in
495 996 578 1069 libro,
591 1015 676 1074 quem
692 997 753 1054 “de
767 997 829 1054 fato
839 997 856 1024 ”
871 998 1012 1074 conscrip-

169 1077 215 1150 sit,
231 1096 296 1134 cum
320 1077 516 1154 quaestionem
539 1077 625 1134 istam
650 1076 757 1134 diceret
781 1076 1011 1135 obscurissimam

168 1176 229 1215 csse
250 1163 280 1214 et
294 1157 560 1234 implicatissimam,
576 1155 772 1234 Chrysippum
790 1175 904 1233 quoque
920 1157 1013 1234 philo-

168 1236 292 1314 sophum
314 1256 373 1294 non
396 1237 543 1314 expedisse
565 1255 595 1294 se
616 1236 647 1293 in
669 1255 703 1293 ea
723 1237 812 1294 refert
833 1235 879 1293 his
901 1236 1010 1294 verbis:

169 1316 376 1394 “Chrysippus
390 1324 521 1374 aestuans
531 1315 719 1394 laboransque
733 1335 856 1392 quonam
869 1323 954 1392 pacto
966 1336 1011 1373 ex-

167 1396 255 1473 plicet
269 1398 374 1455 elfato
392 1396 489 1454 omnia
503 1396 564 1455 lieri
577 1402 607 1454 ct
620 1415 681 1454 csse
698 1395 807 1474 aliquid
821 1395 957 1468 in‘nobis,
969 1397 1009 1453 in·

167 1477 286 1535 tricatur
299 1477 354 1534 hoc
368 1475 484 1535 mod0.'’

567 1621 604 1681 ΙΙ.

80 1815 83 1820 Ι
206 1746 372 1805 Macrobius
391 1744 543 1805 Saturast.
559 1745 608 1804 lib.
625 1745 688 1817 HL,
705 1743 860 1823 cap.16‚§
877 1751 893 1802 3
910 1765 950 1823 sq.
964 1745 1007 1804 ed.

166 1824 226 1886 Ian.
268 1827 315 1899 Er,
330 1845 367 1884 ne
384 1827 467 1884 vilior
484 1827 521 1883 sit
538 1826 620 1884 iestis
636 1833 733 1902 poeta,
749 1825 869 1903 accipite
886 1825 1010 1883 adserto-

165 1927 196 1965 re
216 1907 354 1965 Cicerone
375 1906 405 1963 in
427 1924 485 1982 quo
506 1905 615 1963 honore
636 1906 724 1963 fuerit
748 1905 795 1962 hic
820 1905 907 1982 piscis
931 1906 1009 1982 apud

165 1985 198 2044 P.
207 1987 372 2064 Scipionem
381 1984 552 2042 Africanum
561 1985 642 2042 illum
652 1993 682 2042 et
690 1985 909 2043 Numantinum.
928 1984 1009 2042 Haec

165 2075 232 2125 sunt
249 2068 279 2124 in
296 2066 412 2144 dialogo
431 2065 494 2123 “de
510 2064 599 2123 fato”
617 2065 703 2123 verba
723 2064 884 2124 Ciceronis:
907 2064 1009 2122 “Nam

165 2166 231 2204 cum
245 2152 320 2204 esset
333 2146 411 2222 apud
422 2163 451 2203 se
465 2145 502 2204 ad
513 2145 684 2204 Lavernium
695 2144 792 2223 Scipio
807 2164 920 2222 unaque
931 2144 1007 2202 Pon·
1102 2183 1103 2196 ,

164 2227 230 2298 tius,
242 2225 354 2284 adlatus
371 2231 415 2283 est
430 2225 507 2284 forte
521 2224 651 2303 Scipioni
665 2226 834 2303 accipenser‚
848 2225 897 2302 qui
911 2224 1009 2282 admo-

164 2306 234 2363 dum
250 2324 313 2363 raro
335 2304 454 2383 capitur,
467 2305 518 2363 sed
534 2313 578 2363 esi
593 2305 688 2383 piscis,
703 2313 736 2363 ut
752 2305 859 2377 ferunt,
874 2304 1007 2382 inprimis

163 2385 276 2444 nobilis.
315 2384 390 2443 Cum
404 2390 500 2443 autem
515 2383 615 2461 Scipio
628 2404 719 2443 unum
733 2390 762 2442 ei
776 2383 898 2442 alterum
912 2404 947 2442 ex
961 2385 1006 2456 iis,

163 2466 214 2543 qui
234 2483 301 2524 eum
321 2464 477 2523 salutatum
496 2472 641 2538 venerant,
657 2464 836 2523 invitavisset
855 2464 1007 2542 pluresque

163 2546 250 2603 etiam
263 2545 436 2603 inviiaturus
452 2545 604 2617 videretur,
614 2547 645 2604 in
660 2564 758 2603 aurem
772 2543 912 2602 Pontius:
932 2543 1008 2600 ‘Sci-

162 2625 229 2702 pio'
247 2625 342 2703 inquit
360 2625 441 2683 ‘vide
463 2625 533 2702 quid
550 2643 633 2701 agas:
655 2624 817 2702 accipenser
832 2623 888 2681 iste
904 2641 1007 2701 pauco·

161 2724 225 2762 rum
240 2704 391 2762 hominum
406 2704 466 2762 est!
478 2705 494 2733 ”
