2224 3446
125 91 173 138 202
386 88 436 137 Du
451 87 702 138 DIVINATIONE.

125 191 208 248 lunae
225 190 427 267 praedicuntur
443 190 475 247 iu
491 189 598 247 multos
615 208 706 247 annos
722 188 757 246 ab
775 189 819 261 iis,
832 189 882 265 qui
896 189 972 247 side-

124 290 188 328 rum
211 265 322 344 [cursus
343 267 384 348 et]
406 277 503 328 motus
524 269 650 326 numeris
666 277 882 346 persequuntur.
925 269 970 326 Ea

124 351 292 427 praedicunt
308 350 394 422 cuim,
410 369 482 426 quae
499 356 616 406 naturae
637 349 788 406 necessitas
805 349 970 425 perfectura

124 437 175 488 est.
217 431 328 489 Vident
345 449 379 487 cx
396 430 628 487 constantissimo
646 436 727 486 motu
744 428 836 500 lunae,
853 429 968 506 quando

124 510 173 567 illa
189 530 205 567 e
221 510 338 587 regione
355 509 423 566 solis
437 509 514 566 facta
530 513 656 566 incurrat
669 509 700 566 iu
716 508 849 566 umbram
865 518 967 580 terrae,

125 609 196 667 quae
219 598 262 648 est
284 596 362 647 meta
381 589 483 659 noctis,
499 596 532 646 ut
549 608 610 646 earn
629 587 774 646 obscurari
789 607 903 646 necesse
920 589 967 660 sit,

102 733 103 736 Ἴ
125 669 296 746 quandoque
313 669 412 726 eadem
428 667 497 726 luna
517 667 644 726 subiecta
660 675 746 745 atquc
764 668 898 745 opposita
915 667 969 726 soli

124 750 229 807 uostris
257 748 346 806 oculis
373 748 434 806 eius
458 748 555 805 lumen
580 748 720 819 obscuret,
743 767 801 824 quo
826 749 856 806 in
885 751 969 824 signo

125 847 253 906 quaeque
267 828 423 886 errantium
438 828 582 885 stellarum
598 847 711 906 quoque
725 834 856 905 tempore
870 828 971 885 futura

125 909 169 980 sit,
183 908 233 985 qui
247 915 362 965 exortus
377 926 490 985 quoque
505 907 552 966 die
569 908 644 984 signi
658 908 777 966 alicuius
795 924 845 965 aut
859 909 908 984 qui
924 927 967 965 oc·

125 1007 205 1045 casus
219 988 334 1045 futurus
348 988 393 1044 sit.
429 987 509 1046 Haec
524 988 574 1064 qui
588 996 654 1046 aute
668 988 769 1046 dicunt
783 1007 869 1066 quam
884 988 967 1046 ratio

125 1087 191 1124 nem
206 1074 360 1144 sequantur
374 1068 461 1126 vides.
504 1067 572 1126 VII.
607 1074 652 1126 18.
675 1067 733 1136 Qui
747 1067 913 1126 thesaurum
928 1069 967 1125 in·

125 1155 243 1205 ventum
265 1147 301 1204 iri
323 1153 372 1204 aut
395 1147 582 1206 hereditatem
603 1156 752 1206 venturam
775 1148 876 1207 dicunt
899 1147 968 1226 quid

125 1229 301 1304 sequuntur?
321 1228 418 1285 autin
440 1247 496 1305 qua
516 1247 610 1286 rerum
630 1237 732 1286 natura
752 1229 828 1286 inest
844 1229 875 1286 id
891 1228 967 1286 futu·

125 1309 208 1365 romi
242 1307 328 1376 Quod
342 1308 366 1364 si
380 1307 449 1365 haec
464 1327 560 1384 eaque,
574 1327 646 1385 quae
661 1315 728 1372 suut
743 1309 871 1368 eiusdem
886 1329 967 1386 genc-

125 1388 171 1459 ris,
184 1387 291 1445 habent
304 1387 430 1465 aliquam
444 1388 531 1446 talem
545 1389 752 1460 necessitatem,
767 1390 836 1466 quid
851 1396 894 1447 est
908 1397 967 1446 tau·
1012 1425 1019 1434 ι

86 1526 88 1529 .
126 1468 192 1524 dcm
218 1468 296 1546 quod
321 1488 386 1526 casu
411 1467 472 1526 fieri
499 1475 549 1526 aut
570 1469 647 1526 forte
674 1470 793 1526 fortuna
815 1470 971 1546 putemusi

126 1547 207 1604 Nihil
222 1549 299 1605 cuim
314 1555 356 1605 est
368 1556 427 1605 tam
443 1549 617 1607 contrarium
631 1549 737 1606 rationi
751 1556 781 1606 et
791 1550 970 1607 constantiae

127 1647 212 1705 quam
234 1629 359 1698 fortuna,
377 1635 410 1685 ut
426 1628 499 1686 mihi
520 1649 555 1686 ue
578 1629 608 1686 in
630 1629 716 1686 deum
734 1629 851 1706 quidem
868 1629 971 1686 cadere

125 1708 256 1766 videatur
276 1715 309 1766 ut
325 1708 395 1765 sciat
413 1709 482 1785 quid
496 1728 563 1767 casu
584 1715 613 1766 ct
629 1709 752 1767 fortuito
769 1709 900 1766 futurum
922 1710 967 1766 sit.

127 1787 158 1844 Si
179 1789 257 1844 enim
278 1789 339 1860 scit,
356 1795 430 1846 certe
448 1788 519 1846 illud
536 1789 671 1860 evenietzy
686 1789 730 1846 sin
751 1795 827 1846 certe
847 1789 967 1859 eveniet,

126 1867 204 1924 nulla
220 1869 338 1924 fortuna
358 1875 417 1925 est:
440 1875 483 1926 est
500 1875 596 1926 autem
613 1869 747 1926 fortuna:
769 1888 863 1926 rerum
880 1871 970 1946 igitur

126 1947 310 2004 fortuitarum
329 1948 407 2005 nulla
420 1949 581 2025 praesensio
598 1955 649 2006 est.
693 1954 739 2006 19.
762 1948 824 2006 Aut
840 1950 864 2007 si
881 1967 970 2026 negas

127 2046 187 2084 csse
203 2026 350 2084 fortunam
372 2035 401 2086 et
422 2029 526 2100 omnia,
542 2048 614 2105 quae
631 2027 705 2086 fiunt
727 2047 855 2106 quaeque
871 2029 972 2086 futura

127 2113 203 2176 sunt,
215 2125 250 2164 ex
265 2107 344 2163 omni
358 2109 524 2166 aeternitate
538 2107 657 2166 definita
670 2109 743 2166 dicis
760 2127 820 2167 csse
833 2108 968 2179 fataliter,

127 2193 209 2243 muta
228 2185 425 2244 definitionem
443 2188 636 2259 divinationis,
653 2207 738 2264 quam
760 2188 875 2247 dicebas
891 2207 968 2265 prae·

127 2267 288 2324 sensionem
311 2286 485 2325 essenorum
507 2269 700 2326 fortuitarum.
744 2267 775 2324 si
798 2269 874 2326 enim
896 2267 969 2324 nihil

127 2345 188 2404 ficri
202 2352 306 2424 potest,
319 2347 390 2406 nihil
405 2348 540 2420 accidere,
552 2347 624 2405 nihil
639 2348 759 2419 evenire,
769 2349 826 2405 nisi
841 2348 918 2425 quod
933 2347 969 2405 ab

128 2428 207 2484 omni
232 2427 399 2485 aeternitate
423 2434 532 2485 certum
554 2428 643 2485 fuerit
666 2447 727 2486 esse
750 2429 882 2486 futurum
906 2435 970 2484 rato

127 2513 265 2583 tempore,
282 2525 354 2583 quae
370 2514 467 2584 potest
483 2526 543 2565 esse
559 2508 694 2565 fortunat
715 2527 772 2584 qua
792 2508 904 2566 sublata
921 2507 969 2585 qui

128 2584 207 2643 locus
228 2593 271 2643 est
287 2587 477 2645 divinationi?
498 2607 570 2664 quae
591 2594 652 2644 ate
669 2587 854 2645 fortuitarum
875 2607 968 2645 rerum

128 2672 172 2722 est
199 2665 277 2722 dicta
300 2667 469 2742 praesensio.
512 2666 692 2743 Quamquam
720 2667 835 2725 dicebas
863 2668 969 2736 omnia,

129 2763 201 2818 quae
222 2743 322 2801 fierent
338 2745 470 2802 futurave
491 2754 593 2818 essent,
609 2746 671 2803 fato
692 2748 841 2805 contineri.
883 2747 969 2805 Anile

129 2841 195 2878 sanc
220 2830 249 2879 ct
273 2823 390 2899 plenum
415 2826 625 2901 superstitionis
648 2827 705 2884 fati
728 2846 833 2884 nomen
856 2827 969 2904 ipsum:

130 2901 179 2956 scd
190 2909 286 2958 tamen
301 2902 378 2978 apud
392 2902 505 2960 Stoicos
519 2904 555 2960 dc
567 2905 624 2962 isto
638 2906 700 2964 fato
715 2905 806 2963 multa
819 2907 969 2966 dicuntur:

130 2978 240 3054 dequo
258 2980 334 3048 alias,
350 3000 426 3036 nunc
445 2982 524 3057 quod
537 3002 650 3040 necesse
667 2992 718 3042 est,
760 2985 845 3044 VIII.
869 2992 916 3043 20.
940 2985 970 3042 Si

131 3059 228 3113 omnia
254 3057 324 3126 fato,
352 3059 421 3133 quid
445 3060 517 3116 mihi
545 3062 684 3120 divinatio
708 3065 843 3140 prodesti
885 3065 971 3134 Quod

131 3135 208 3190 enim
225 3135 257 3205 is,
274 3136 323 3209 qui
341 3136 458 3207 divinat,
474 3140 620 3212 praedicit,
637 3142 668 3199 id
684 3162 751 3201 vero
768 3145 899 3202 futurum
918 3152 971 3216 cst,
