2224 3446
149 93 197 138 220
373 150 381 156 ,
409 91 458 139 00
478 91 728 141 0101000000.

149 201 209 248 1010
223 190 365 249 mirabilia
378 191 436 248 sint
451 211 537 269 quam
554 192 684 249 coniecta
697 192 786 250 belle:
809 213 881 270 quae
895 201 991 252 tamen

149 272 193 328 vel
204 272 266 348 ipsa
276 271 349 329 falsa
363 291 422 328 esse
434 272 478 329 vel
489 291 530 338 ea,
543 291 615 349 quae
626 273 773 348 praedicta
783 280 859 344 sunt,
869 274 992 332 fortuito

150 352 284 408 cecidisse
307 358 472 428 potuerunt.
514 350 560 408 De
585 352 648 428 ipso
672 351 778 410 Roscio
802 360 899 429 potest
920 353 994 411 illud

150 431 268 508 quidem
289 451 349 488 essc
368 431 483 500 falsum,
499 439 532 488 ut
552 431 766 508 circumligatus
786 433 875 490 fuerit
894 435 992 510 angui,

150 512 201 568 sed
216 511 290 568 utin
308 512 388 568 cunis
403 511 491 568 fuerit
505 512 615 588 anguis,
627 531 686 568 non
701 519 760 568 tam
777 519 821 570 est
834 513 949 584 mirum,
962 514 994 570 in

150 590 269 648 Solonio
285 591 461 667 praesertim,
476 590 527 648 ubi
544 591 581 648 ad
597 592 697 648 focum
714 611 822 668 angues
838 593 995 650 nundinari

150 670 250 727 solent.
300 670 375 726 Nam
400 670 478 747 quod
498 671 663 747 haruspices
690 672 899 747 responderunt
920 672 995 729 nihil

150 750 199 806 1110
217 750 326 818 clarius
342 749 413 806 nihil
431 750 556 808 nobilius
573 751 644 822 fore,
656 751 744 809 miror
761 753 830 809 deos
847 752 996 809 immorta-

150 828 190 886 les
217 829 350 885 histrioni
378 831 477 887 futuro
507 831 667 888 claritatem
695 831 861 902 ostendisse,
883 832 994 888 nullam

150 908 308 965 ostendisse
328 909 476 967 Africano
520 911 565 968 67.
588 910 686 987 Atque
708 911 795 968 etiam
812 931 829 968 0
845 919 874 968 10
891 911 995 968 Flami·

150 989 235 1045 niana
249 995 361 1046 ostenta
375 990 494 1047 collecta
504 998 578 1047 sunt.
618 989 704 1058 Quod
715 992 775 1067 ipse
791 998 819 1048 et
831 1005 921 1068 equus
932 992 994 1048 eius
1098 999 1099 1008 *

150 1075 266 1144 repente
287 1069 458 1127 conciderit:
480 1089 537 1128 non
557 1089 623 1128 sane
640 1071 768 1128 mirabile
784 1071 840 1128 hoc
857 1071 993 1147 quidem!

150 1146 235 1215 Quod
256 1148 337 1205 evelli
353 1150 439 1225 p1imi
457 1149 562 1207 hastati
583 1152 697 1227 signum
714 1170 772 1207 non
790 1151 932 1226 potuerit:
959 1151 995 1208 ti·

150 1227 227 1284 mide
244 1228 365 1286 fortasse
380 1229 501 1304 signifer
517 1230 655 1288 evellebat
670 1231 747 1308 quod
761 1229 882 1288 fidenter
896 1230 994 1287 infixe-

85 1317 92 1324 ·
149 1315 201 1364 001.
244 1307 320 1365 Νο10
334 1308 470 1385 Dionysii
484 1329 575 1386 equus
589 1310 659 1386 quid
673 1310 770 1367 attulit
784 1310 990 1378 admirationis,

150 1387 229 1464 quod
243 1389 358 1446 emersit
372 1408 387 1445 c
401 1389 519 1447 flumine
531 1390 665 1466 quodque
676 1389 777 1446 habuit
788 1409 855 1466 apes
866 1390 896 1446 in
907 1389 993 1447 iubal

149 1467 207 1525 Sed
222 1469 289 1544 quia
303 1468 382 1526 brevi
396 1475 526 1545 tempore
544 1489 661 1546 regnare
677 1470 780 1546 eoepit,
792 1469 871 1546 00011
884 1470 993 1527 accida

149 1554 193 1604 rat
215 1567 289 1619 casu,
304 1549 363 1605 vim
380 1547 481 1606 habuit
497 1550 611 1607 ostenti.
653 1549 696 1606 At
712 1549 944 1606 Lacedaemoniis
961 1550 992 1606 in

150 1627 283 1684 Herculis
300 1628 369 1684 fano
386 1648 465 1685 arma
481 1635 637 1686 sonuerunt
654 1629 838 1706 eiusdemque
855 1629 902 1686 dei
918 1628 993 1686 The-

150 1706 195 1764 bis
212 1708 308 1764 valvae
325 1707 435 1765 clausae
452 1708 547 1766 subito
562 1728 591 1765 se
606 1717 785 1785 aperuerunt,
797 1728 886 1786 eaque
901 1717 990 1780 scuta,

150 1806 223 1862 0000
238 1787 353 1844 fuerant
370 1787 491 1845 sublime
508 1787 572 1860 fixa,
585 1795 651 1845 sunt
667 1788 750 1845 humi
763 1789 886 1846 inventa
929 1789 993 1846 Ho-

150 1885 214 1923 rum
231 1886 296 1923 cum
313 1866 373 1924 fieri
390 1867 462 1924 nihil
479 1869 606 1943 potuerit
623 1869 684 1926 sine
701 1869 796 1945 aliquo
814 1876 904 1940 motu,
921 1869 993 1946 quid

149 1954 194 2002 est
210 1965 260 2003 cur
278 1945 417 2003 divinitus
433 1967 467 2004 ea
482 1949 581 2022 potius
598 1967 684 2024 quam
701 1967 766 2005 0000
781 1949 859 2006 facta
875 1968 935 2006 esse
950 1949 993 2006 di·

149 2027 265 2082 0010001
305 2025 437 2086 XXXII,
476 2033 522 2085 68.
544 2028 586 2085 At
599 2028 630 2085 in
641 2027 782 2104 Lysandri
793 2035 902 2086 statuae
916 2029 993 2105 eapi-

149 2112 179 2162 te
195 2104 317 2180 Delphis
338 2106 449 2164 exstitit
470 2127 575 2164 corona
590 2127 625 2165 ex
646 2108 752 2184 asperis
769 2107 864 2165 herbis
885 2115 914 2166 et
931 2109 994 2186 qui-

149 2185 216 2241 dem
232 2184 333 2243 subita
375 2185 475 2244 Itanel
491 2207 588 2245 censes
602 2195 668 2244 ante
681 2207 817 2244 eoronam
827 2187 931 2246 herbae
946 2208 994 2246 ex-

149 2265 255 2322 stitisse
270 2284 356 2342 quam
370 2274 541 2344 conceptum
555 2287 616 2325 esse
630 2269 745 2324 0000001
761 2267 879 2325 herbam
894 2275 1007 2330 antem

149 2364 286 2419 asperam,
305 2345 398 2416 credo,
414 2348 510 2404 avium
531 2355 677 2424 congestu,
693 2367 753 2404 non
769 2347 896 2405 humano
917 2357 990 2406 satu.

149 2423 211 2481 Iam
229 2425 371 2502 quidquid
384 2427 414 2483 in
432 2428 525 2504 capite
542 2428 636 2498 estid
652 2447 774 2484 0000000
792 2428 883 2485 0110110
900 2428 993 2485 videri
1098 2451 1099 2460 ¹

149 2511 253 2580 potest.
295 2506 371 2562 Nam
395 2508 473 2584 quod
495 2507 597 2564 eodem
618 2514 748 2583 tempore
774 2508 867 2564 stellas
892 2527 993 2564 aureas

149 2583 276 2641 Castoris
293 2592 323 2642 et
336 2585 462 2644 Pollucis
478 2586 600 2664 Delphis
616 2587 725 2663 positas
742 2586 880 2643 decidisse
897 2606 992 2662 neque

149 2682 196 2720 eas
210 2683 331 2740 0000010
345 2673 470 2742 repertas
484 2687 544 2724 0000
555 2667 661 2738 dixisti,
675 2667 773 2724 furum
784 2666 815 2723 id
826 2667 919 2742 magis
933 2667 993 2723 fac·
1098 2713 1099 2718 ,

149 2751 212 2799 1001
227 2763 313 2820 00010
328 2744 446 2802 deorum
461 2747 580 2804 videtur.
624 2753 670 2804 69.
694 2745 799 2803 Simiae
814 2765 880 2803 vero
891 2745 993 2802 Dodo-

149 2840 235 2879 naeae
249 2823 463 2900 improbitatem
477 2825 604 2883 historiis
618 2825 734 2882 Graecis
746 2826 913 2883 mandatam
930 2845 992 2882 esse

149 2900 281 2959 demiror.
324 2903 402 2971 Quid
418 2905 513 2961 minus
530 2905 635 2962 mirum
653 2925 738 2982 quarn
753 2905 831 2962 illam
848 2913 993 2962 monstru-

149 2981 309 3038 osissimam
329 2982 451 3040 bestiam
471 3003 572 3040 urnam
594 2985 735 3054 evertisse,
752 2992 841 3042 sortes
863 2986 992 3061 dissupa-

149 3059 240 3116 vissel
291 3061 329 3118 Et
357 3070 464 3139 negant
487 3062 617 3120 historici
641 3063 874 3122 Lacedaemoniis
898 3065 991 3121 ullum

150 3144 294 3196 ostentum
309 3139 363 3197 hoc
380 3142 490 3199 tristius
506 3143 648 3200 accidisse.
692 3143 766 3200 Nam
781 3144 830 3201 1110
842 3144 993 3220 praedicta
