2242 3436
303 107 371 156 nm.
388 73 859 170 111‚,ox1>.xv.-xvrr.,sssaa
954 111 1000 158 121

161 228 231 266 num
246 207 379 265 Liberum
398 209 527 280 dicimus,
543 229 646 286 genero
662 229 715 266 nos
732 210 847 287 quidem
863 212 1001 268 sermonis

162 289 270 346 utimur
284 288 398 360 usitato,
408 289 459 347 sed
472 308 590 366 ecquem
605 296 664 346 tam
679 297 822 347 amentem
836 309 896 347 esse
907 297 999 366 putas,

161 369 212 445 qui
235 367 315 438 illud,
336 388 393 445 quo
418 376 554 440 vescatur,
573 369 658 426 deum
683 369 780 427 credat
803 371 883 426 esser
924 369 1000 426 Narrr

159 467 234 524 quos
250 446 286 504 ab
299 446 465 505 homiuibus
479 449 639 525 pervenisse
656 448 728 505 dicis
744 448 781 505 ad
798 449 875 519 dece,
891 456 923 506 tu
939 449 1000 505 red-

159 527 197 584 de
217 534 358 584 rationem
381 546 466 605 quem
487 527 660 584 admodum
682 528 714 585 id
730 528 791 585 fieri
807 529 934 604 potnerit
950 536 1000 586 aut

159 625 211 664 cur
223 605 285 664 fieri
299 607 422 678 desierit,
435 615 464 664 et
478 627 531 684 ego
546 607 654 664 discam
668 607 797 665 libenter.
832 607 897 676 Quo
911 607 999 664 modo

158 705 236 744 nunc
254 686 370 762 quidem
387 693 438 757 est,
454 706 512 743 non
529 687 613 744 video
631 706 688 764 quo
705 694 790 764 pacto
807 686 863 758 ille,
878 687 924 744 cui
942 687 999 744 “in

106 771 110 780 '
158 772 258 823 monte
275 765 383 824 Oetaeo
396 765 491 824 illatae
505 766 651 843 lampades
664 765 800 836 fuerint,’'
815 773 849 824 ut
863 767 903 824 ait
916 765 999 824 Acci-

158 864 201 916 us,
218 845 273 902 “in
289 845 409 902 domum
423 853 565 903 aeternam
581 846 694 923 patris''
709 866 744 903 ex
758 846 807 903 illo
825 846 924 904 ardore
938 865 999 922 per-

47 971 50 976 .
157 925 286 982 venerit:
316 944 400 1002 quem
421 932 518 982 tamen
538 925 683 983 Homerus
704 926 781 1003 apud
802 926 910 983 inferos
934 945 999 983 oon·

156 1005 248 1061 veniri
269 1005 339 1062 iacit
361 1003 396 1060 ab
417 1004 512 1075 Ulixe,
528 1005 602 1063 sicut
621 1013 737 1076 ceteros,
754 1005 804 1082 qui
823 1013 998 1062 excesserant

156 1084 224 1142 vita.
267 1089 314 1142 42.
337 1084 516 1161 Quamquam
538 1103 623 1161 quem
644 1086 827 1161 potissimum
844 1085 998 1142 Herculem

156 1162 284 1220 colamus
298 1163 368 1221 scire
383 1183 449 1221 sane
463 1164 565 1222 velim:
587 1164 682 1241 plnres
696 1166 772 1222 enirn
786 1164 905 1222 tradunt
915 1164 998 1222 nobis

130 1245 133 1250 '
156 1242 186 1314 ii,
199 1244 248 1320 qui
262 1243 410 1301 interiores
424 1250 585 1302 scrutantur
598 1251 627 1302 et
637 1244 798 1302 reconditas
809 1244 933 1301 litteras:
950 1263 998 1300 an-

155 1323 351 1399 tiquissimum
365 1323 433 1380 Iove
448 1330 555 1395 natum,
567 1323 617 1381 sed
627 1324 697 1381 item
708 1323 776 1382 Iove
787 1323 994 1400 antiquissime.

155 1401 232 1459 Nam
247 1402 330 1460 Ioves
345 1422 458 1480 quoque
472 1403 567 1480 plures
580 1403 610 1460 in
624 1403 725 1480 priscis
739 1403 911 1460 Graecorum
924 1403 997 1460 litte-

155 1481 195 1538 ris
209 1482 377 1540 invenimns.
419 1483 464 1540 Ex
481 1502 515 1540 eo
529 1483 618 1561 igitur
632 1489 661 1540 et
675 1482 813 1559 Lysithoe
829 1489 872 1540 est
886 1483 910 1539 is
925 1483 997 1539 Her-

154 1560 240 1632 cules,
257 1581 343 1638 quem
360 1563 565 1620 concertavisse
587 1582 652 1620 cnm
673 1562 809 1638 Apolline
828 1562 864 1619 de
881 1562 995 1640 tripode

154 1641 325 1718 accepimus,
367 1642 451 1700 Alter
474 1643 597 1700 traditur
620 1642 689 1699 Nilo
714 1648 798 1700 natus
821 1641 994 1719 Aegyptius

155 1739 240 1797 quem
258 1722 339 1779 aiunt
354 1721 495 1798 Phrygias
509 1723 618 1779 litteras
633 1722 840 1798 conscripsisse.
881 1722 995 1779 Tertius

153 1808 198 1858 est
212 1819 247 1858 ex
261 1801 355 1859 Idaeis
368 1801 486 1878 Digitis,
499 1802 544 1858 cui
555 1802 671 1859 inferias
686 1802 827 1860 adferunt.
870 1801 995 1870 Quartus

153 1879 231 1937 Iovis
246 1888 289 1938 est
303 1889 333 1939 et
346 1881 485 1951 Asteriae,
498 1880 624 1939 Latonae
639 1882 750 1953 sororis,
764 1882 813 1959 qui
827 1881 896 1958 Tyri
906 1883 996 1941 mexi-

152 1979 200 2017 me
215 1961 326 2030 colitur,
339 1961 419 2018 cuius
432 1960 641 2037 Karthaginem
656 1961 744 2018 filiam
758 1962 864 2020 ferunt.
907 1961 995 2030 Quin-

152 2046 200 2097 tus
214 2040 244 2097 in
259 2039 350 2111 India,
364 2042 413 2118 qui
427 2039 515 2098 Belus
531 2041 643 2099 dicitnr.
685 2040 790 2098 Sextus
806 2041 861 2112 hic,
878 2061 912 2099 ex
928 2042 996 2100 Alc-

152 2138 237 2177 mena
248 2139 333 2197 quem
345 2119 476 2197 Iuppiter
484 2121 593 2196 genuit,
604 2121 654 2178 sed
664 2122 765 2178 tertius
777 2121 915 2198 Iuppiter,
926 2141 995 2199 quo-

151 2199 239 2268 niam,
252 2207 285 2257 ut
298 2201 355 2258 iam
371 2200 488 2271 doceb0,
502 2199 597 2276 plures
611 2199 694 2258 Ioves
708 2202 795 2259 etiam
809 2202 978 2278 accepimus.

193 2279 291 2338 XVII.
334 2286 381 2338 43,
411 2280 533 2349 Quando
561 2280 637 2338 enim
665 2300 711 2338 me
736 2281 766 2336 in
793 2281 870 2338 huno
897 2281 993 2340 locum

151 2357 270 2416 deducit
292 2360 393 2431 oratio,
409 2359 519 2418 docebo
540 2360 660 2417 meliora
676 2379 723 2416 me
742 2360 875 2417 didicisse
892 2361 928 2418 de
948 2381 994 2418 co-

151 2437 244 2496 lendis
261 2438 306 2495 dis
322 2439 531 2497 immortalibus
548 2439 608 2497 iure
625 2437 773 2515 pontificio
794 2446 824 2497 et
839 2459 919 2496 more
935 2459 994 2498 ma-

151 2518 246 2576 iorum
261 2519 462 2596 capedunculis
476 2521 519 2590 iis,
533 2538 602 2596 quas
616 2519 713 2576 Numa
727 2519 809 2576 nobis
820 2518 944 2596 reliquit,
957 2521 993 2578 de

152 2597 256 2674 quibus
269 2599 300 2656 in
317 2598 366 2656 illa
378 2599 492 2657 aureola
506 2599 683 2656 oratiuncula
693 2598 765 2656 dicit
775 2598 895 2668 Laelius,
906 2617 993 2675 quam

149 2677 310 2736 rationibus
325 2678 495 2737 Stoicorum.
538 2677 570 2735 Si
584 2679 660 2735 enim
675 2697 726 2735 vos
740 2697 848 2755 sequar,
860 2678 906 2735 dic
922 2679 993 2754 quid

150 2757 177 2814 ei
194 2758 391 2834 respondeam,
404 2759 454 2835 qui
470 2778 517 2816 me
534 2758 574 2814 sie
591 2765 689 2834 roget:
711 2757 743 2815 Si
757 2758 787 2816 di
802 2764 876 2829 sunt,
889 2765 993 2816 suntne

150 2837 239 2894 etiam
253 2837 408 2916 Nymphae
421 2839 507 2896 deaei
527 2838 552 2894 si
566 2837 728 2915 Nymphae,
738 2837 853 2894 Panisci
864 2837 951 2895 etiam
963 2846 992 2896 et

151 2916 247 2994 Satyri
258 2919 268 2976 l
300 2918 343 2974 Hi
357 2925 453 2975 antem
464 2937 522 2975 non
535 2925 617 2974 sunt:
640 2937 676 2975 ne
686 2916 840 2994 Nymphae
851 2917 920 2974 deae
932 2919 992 2994 qui·

150 2996 217 3055 dem
231 2997 338 3074 igiturl
378 2997 421 3055 At
434 3016 531 3055 earum
546 2997 654 3073 templa
668 3003 735 3054 sunt
749 2996 863 3072 publice
879 3003 946 3054 vota
963 3005 991 3054 et

150 3075 290 3134 dedicata
333 3076 411 3145 Quid
426 3077 533 3154 igiturl
561 3095 596 3133 ne
618 3076 703 3134 ceteri
725 3076 841 3154 quidem
862 3095 929 3152 ergo
951 3077 990 3148 di,

151 3175 275 3234 quorum
290 3157 400 3234 templa
415 3164 483 3217 sunt
499 3155 648 3215 dedicata?
687 3155 753 3232 Age
767 3173 869 3233 porro:
892 3155 991 3216 Iovem
