2242 3436
108 85 140 130 94
330 82 380 131 DE
397 81 545 130 NATURA
562 80 722 130 DEORUM.

108 182 192 239 nimii
208 189 403 258 temperantur
420 181 542 238 calores!
564 180 600 238 ab
617 181 721 237 iisdem
741 180 828 236 etiam
844 179 953 238 mariti-

109 263 149 319 mi
171 281 268 319 cursua
289 261 392 319 celeres
413 268 443 318 et
463 261 533 318 certi
552 261 722 336 diriguntur.
765 259 857 317 Multa
872 279 954 336 prae-

108 342 247 400 tereunda
261 348 328 398 sunt
342 348 371 398 et
385 348 481 398 tamen
498 340 590 397 multa
606 340 746 397 dicuntur.
792 345 857 397 132.
875 339 954 396 Enu-

109 422 212 480 merari
230 421 306 479 euim
327 440 386 478 non
404 427 525 497 possunt
541 419 692 476 fluminum
710 419 951 496 opportunitates,

109 510 203 560 aestus
215 501 352 558 maritimi
363 508 465 558 mutuo
476 499 642 557 accedentes
653 507 682 557 et
692 499 863 569 recedentes,
871 518 954 556 mon-

108 592 152 639 tes
163 581 260 639 vestiti
271 587 357 658 atque
372 580 521 652 silvestres,
531 580 636 637 saliuae
646 579 682 636 ab
694 599 743 636 ora
753 580 897 636 maritima
910 599 954 636 re-

108 662 294 731 motissimae,
304 661 579 718 medicamentorum
594 659 759 716 salutarium
770 658 952 736 plenissimae

108 749 207 812 terrae,
220 749 294 798 artes
311 741 435 817 denique
451 738 672 797 innumerabiles
689 739 726 796 ad
742 739 851 796 victum
868 746 898 796 et
915 739 953 796 ad

108 823 197 879 vitam
207 821 387 878 necessariae.
414 819 475 877 Iam
485 820 543 877 diei
552 819 701 896 noctisque
710 819 877 876 vicissitudo
886 827 972 875 cou->

109 908 201 958 servat
216 901 374 968 animantes
388 899 517 957 tribuens
531 899 609 956 aliud
623 899 727 975 agendi
738 905 861 976 tempus
872 897 952 956 aliud

110 979 282 1056 quiescendi.
325 979 373 1038 Sic
393 979 521 1057 undique
542 979 621 1036 omni
638 979 750 1036 ratione
770 978 953 1036 concluditur

109 1067 206 1117 mente
220 1059 396 1137 consilioque
408 1059 506 1117 divino
521 1060 618 1117 omnia
628 1059 658 1115 in
669 1059 725 1116 hoc
738 1058 849 1115 mundo
863 1058 900 1115 ad
911 1077 954 1115 sa-

110 1141 199 1198 lutem
217 1141 347 1197 omnium
364 1140 666 1216 conservationemque
683 1138 889 1196 admirabiliter
904 1138 953 1195 ad-

109 1221 273 1277 ministrari.
426 1231 428 1235 '

152 1306 217 1358 133.
236 1299 288 1358 Sin
305 1306 422 1377 quaeret
437 1299 579 1377 quispiam
596 1300 744 1357 cuiusnam
761 1317 845 1356 causa
861 1305 954 1356 tanta-

109 1400 173 1438 rum
185 1400 278 1438 rerum
290 1381 403 1437 molitio
414 1381 491 1437 facta
505 1381 550 1451 sit,
561 1378 732 1437 arborumne
743 1385 772 1436 et
782 1377 953 1436 herbaruml

111 1481 183 1538 quae
195 1480 366 1538 quamquam
379 1461 440 1517 sine
455 1480 538 1518 sensu
553 1467 627 1530 suut,
638 1467 734 1517 tamen
749 1479 766 1517 a
779 1465 881 1516 natura
894 1478 954 1516 sus-

110 1542 246 1598 tinentur.
289 1542 332 1598 At
345 1541 375 1598 id
390 1540 508 1617 quidem
525 1539 680 1597 absurdum
695 1545 746 1597 est.
788 1539 836 1596 An
852 1538 954 1596 bestia-

110 1622 192 1677 ruml
234 1620 332 1677 Nihilo
347 1619 523 1696 probabilius
537 1621 607 1678 deos
621 1627 766 1677 mutorum
782 1626 811 1676 et
825 1619 896 1675 nibil
912 1619 954 1676 iu-

111 1701 309 1775 tellegentium
320 1719 404 1756 causa
413 1706 527 1757 tantum
540 1700 687 1758 laborasse.
724 1698 853 1767 Quorum
864 1700 955 1775 igitur

111 1799 195 1837 causa
212 1780 276 1856 quis
292 1779 396 1837 dixerit
413 1780 548 1837 effectum
565 1798 625 1836 esse
644 1779 804 1837 muuduml
844 1779 953 1836 Eorum

112 1859 220 1916 scilicet
233 1859 431 1930 animantium,
444 1878 516 1935 quae
532 1859 643 1918 ratione
660 1866 787 1916 utuntur.
830 1858 872 1915 Hi
886 1865 955 1916 sunt

112 1940 142 1996 di
153 1946 183 1996 et
194 1939 332 2009 homines,
343 1939 446 2016 quibus
457 1940 588 2015 profecto
602 1939 674 1996 nibil
686 1946 730 1996 est
740 1939 857 1996 melius:
879 1940 953 1996 ratio

112 2026 156 2076 est
165 2019 240 2076 enim
253 2038 324 2095 quae
333 2025 458 2094 praestet
469 2019 610 2077 omnibus.
646 2019 692 2077 Ita
700 2019 733 2077 fit
742 2018 877 2077 credibile
888 2019 956 2076 deo·

111 2118 176 2156 rum
188 2105 216 2155 et
226 2099 375 2156 hominum
386 2118 470 2157 causa
480 2099 589 2156 factum
601 2119 661 2157 esse
672 2100 813 2157 mundum
825 2118 954 2176 quaeque

112 2180 143 2236 iu
155 2198 188 2236 eo
200 2179 257 2235 siut
269 2179 373 2236 omnia.
412 2178 489 2236 LIV.
502 2178 679 2256 Faciliusque
690 2179 872 2256 intellegetur
881 2199 899 2236 a
909 2180 955 2236 dis

113 2257 321 2316 immortalibus
330 2259 496 2316 hominibus
506 2278 566 2316 esse
577 2261 732 2335 provisum,
739 2260 764 2317 si
773 2261 827 2317 erit
834 2266 896 2318 tota
904 2259 956 2317 ho

113 2339 199 2396 minis
210 2339 359 2397 fabricatio
369 2346 516 2415 perspecta
527 2339 676 2416 omnisque
684 2339 826 2397 humanae
837 2347 955 2397 naturae

112 2419 205 2495 figura
218 2426 304 2496 atque
318 2419 466 2494 perfectio
510 2424 576 2476 134.
595 2419 670 2476 Nam
684 2439 750 2477 cum
764 2418 856 2477 tribus
870 2419 955 2476 rebus

113 2499 302 2556 animantium
323 2499 383 2555 vita
399 2503 540 2569 teneatur,
556 2499 629 2571 cibe,
644 2500 772 2576 potione,
788 2499 898 2576 spiritu,
917 2499 956 2557 ad

112 2578 183 2637 haec
198 2579 295 2635 omnia
309 2578 492 2654 percipienda
506 2598 538 2635 os
556 2586 599 2636 est
613 2579 802 2656 aptissimum,
815 2579 894 2656 quod
907 2578 956 2636 ad-

114 2659 220 2716 iunctis
234 2658 350 2718 naribus
364 2657 467 2734 spiritu
484 2666 610 2734 augetur.
652 2658 796 2716 Dentibus
813 2665 909 2716 autem
923 2659 955 2715 in

115 2738 350 2794 oreeonstructis
366 2737 512 2795 manditur
528 2745 614 2815 atque
631 2738 667 2795 ab
680 2738 726 2796 his
742 2745 912 2796 extenuatur
926 2745 956 2796 et

115 2816 233 2874 molitur
247 2816 334 2874 cibus.
377 2816 484 2873 Eorum
499 2817 608 2874 adversi
620 2818 696 2874 acuti
709 2837 807 2875 morsu
821 2818 956 2876 dividunt

116 2913 201 2965 escae,
214 2896 310 2952 intimi
327 2903 422 2952 autem
440 2896 595 2956 conficiunt
610 2898 659 2974 qui
675 2898 794 2973 genuini
808 2905 955 2968 vocantur,

117 2993 188 3048 quae
200 2975 343 3031 conlectio
355 2975 441 3032 etiam
453 2995 469 3031 a
480 2975 578 3051 lingua
588 2977 715 3033 adiuvari
726 2977 846 3034 videtur.
887 2982 954 3035 135.

117 3050 258 3127 Linguam
275 3060 369 3110 autern
388 3055 423 3110 ad
441 3055 549 3111 radices
566 3057 626 3112 eius
643 3054 761 3112 haerens
777 3056 885 3130 excipit
899 3064 957 3114 sto·

117 3131 242 3198 machus
254 3150 310 3206 quo
322 3133 446 3208 primum
457 3133 613 3192 illabuntur
627 3153 667 3202 ea,
679 3154 750 3211 quac
761 3141 878 3211 accepta
889 3144 957 3194 suut
