2224 3446
336 123 405 172 nm.
419 123 467 184 11,
482 122 559 172 cnr.
574 124 690 185 11.-1v.,
705 123 719 182 s
734 127 806 172 c-u.
945 128 992 174 rao

148 245 221 283 mus
264 223 293 280 N
295 243 342 280 um
365 224 435 300 quid
452 243 520 300 ergo
537 224 567 280 in
584 223 620 280 iis
640 223 724 280 rebus
745 232 788 281 est
805 226 883 301 quod
899 227 993 301 provi-

149 307 230 363 sione
244 311 294 360 aut
304 303 485 380 permotione
499 303 605 362 mentis
618 303 711 378 magis
722 322 807 380 quam
819 311 919 362 natura
930 305 992 380 ipsa

149 384 324 443 sentiamus?
344 391 394 440 aut
407 402 477 440 num
492 384 587 440 nescio
602 383 652 460 qui
668 382 715 445 ille
730 383 852 454 divinuS,
865 384 888 440 si
903 385 992 442 oculis

148 472 250 542 captus
272 464 318 534 sit,
339 469 372 520 ut
394 462 516 520 Tiresias
538 463 604 534 fuit,
627 462 725 538 possit·
742 481 814 538 quae
836 462 900 520 alba
924 464 990 536 sint,

149 564 222 622 quae
236 545 318 620 nigra
329 543 501 613 dicere-aut,
514 543 538 598 si
552 542 654 599 surdus
669 542 713 612 sit,
724 542 874 600 varietates
888 562 991 601 vocum

148 632 199 682 ant
213 625 316 681 modos
329 623 464 680 nosceret
491 621 541 678 Ad
551 620 658 678 nullam
673 621 763 698 igitur
776 641 873 678 earum
887 642 990 695 rernm,

149 724 222 782 quae
239 723 323 761 sensu
340 702 526 779 accipiuntur,
540 701 679 759 divinatio
696 701 856 759 adhibetur.
899 703 992 780 Atqui

149 805 185 842 ne
202 785 284 841 iniis
302 783 418 860 quidem
434 781 527 854 rebus
544 800 616 858 quae
633 788 693 839 arte
706 788 871 853 tractantur,
884 783 992 841 divina-

148 865 228 922 tione
253 883 325 941 opus
347 871 398 921 est.
441 862 556 920 Etenim
579 861 617 918 ad
639 881 739 938 aegros
760 881 818 919 nou
842 870 919 921 vates
941 873 991 923 aut

148 944 281 1015 hariolos,
302 943 353 1001 scd
375 943 502 1000 medicos
525 941 649 1000 solemus
671 942 819 1014 adducere,
840 963 892 1000 nec
914 965 989 1015 vere,

149 1025 199 1100 qui
213 1023 317 1080 fidibus
334 1030 384 1080 aut
400 1022 480 1080 tibiis
496 1023 539 1080 uti
557 1021 665 1093 volunt,
682 1022 718 1079 ab
734 1022 931 1101 haruspicibus
948 1045 991 1082 ac-

148 1104 261 1180 cipiunt
275 1122 371 1161 earum
385 1103 594 1172 tractationem,
608 1103 658 1159 sed
671 1121 688 1158 a
702 1104 826 1162 musicis.
870 1112 915 1163 10.
938 1105 991 1162 Ea·

148 1183 217 1240 dem
236 1184 267 1240 in
287 1182 390 1240 litteris
410 1183 483 1240 ratio
505 1190 548 1240 est
565 1183 737 1260 reliquisque
758 1184 850 1256 rebus,
870 1205 989 1262 quarum

148 1271 193 1334 est
207 1262 364 1340 disciplina.
407 1263 486 1320 Num
503 1283 600 1321 censes
617 1283 674 1336 eoa,
688 1264 737 1341 qui
752 1263 879 1322 divinare
893 1267 991 1323 dicun-

147 1350 204 1415 tur,
216 1363 299 1420 posse
316 1344 486 1420 respondere
503 1345 545 1401 sol
562 1345 689 1402 maiorne
708 1364 793 1422 quam
808 1352 883 1402 terra
899 1346 937 1403 sit
953 1366 990 1402 an

148 1431 246 1480 tantus
260 1431 383 1500 quantus
398 1425 544 1482 videatur?
565 1425 687 1503 lunaque
706 1445 757 1482 suo
772 1425 880 1483 lumine
896 1445 932 1482 an
947 1445 990 1483 so-

147 1504 183 1561 lis
208 1505 321 1561 utaturt
345 1504 395 1576 sol,
415 1505 483 1562 luna
507 1525 591 1582 quem
614 1514 727 1563 motum
750 1505 882 1576 habeant,
904 1525 989 1583 quem

149 1585 276 1662 quinque
291 1584 395 1656 stellae,
408 1604 479 1661 quae
494 1605 584 1643 errare
599 1586 751 1644 dicuntur?
779 1587 840 1645 Nec
855 1586 924 1644 hacc
940 1588 989 1664 qui
1006 1627 1007 1632 κ

147 1664 240 1722 divini
257 1664 398 1722 habentur
414 1665 584 1741 profitentur
600 1687 630 1724 se
646 1687 706 1725 esse
724 1668 858 1739 dicturos,
876 1687 927 1726 nec
944 1687 990 1725 eo-

147 1764 220 1816 rum,
234 1747 344 1823 quaein
356 1748 512 1823 geometria
524 1748 730 1819 describuntur,
744 1768 816 1827 quae
830 1768 903 1821 vera,
917 1768 989 1827 quae

147 1826 220 1882 falsa
240 1827 314 1883 sint:
336 1834 402 1884 sunt
419 1829 496 1884 euim
517 1848 550 1886 ea
570 1828 847 1901 mathematicorum,
865 1849 924 1886 non
942 1830 989 1886 ha·

147 1906 293 1964 riolorum.
335 1906 388 1965 IV.
410 1907 456 1966 De
472 1908 528 1964 illis
542 1929 609 1966 vero
623 1910 715 1982 rebus
729 1930 800 1988 quae
817 1911 846 1968 in
864 1910 990 1987 philoso-

147 1987 217 2062 phia
231 1993 383 2057 versantur,
396 2007 465 2043 num
480 1989 607 2065 quidest
622 1991 699 2068 quod
715 1992 865 2069 quisquam
880 1991 990 2049 divino-

147 2085 211 2122 rnm
233 2073 282 2124 aut
299 2068 469 2143 respondere
492 2069 581 2126 soleat
598 2078 648 2128 aut
665 2073 775 2129 consuli
793 2073 863 2150 quid
879 2071 989 2129 bonum

147 2147 193 2218 sit,
213 2146 282 2223 quid
305 2147 420 2217 maium,
442 2149 512 2225 quid
532 2153 685 2209 neutrum?
726 2153 800 2210 Sunt
822 2153 897 2209 enim
919 2152 989 2209 haec

147 2227 263 2303 propria
278 2225 524 2304 philosophorum.
569 2236 614 2288 ll.
638 2231 733 2300 Quina
754 2234 789 2289 dc
807 2232 901 2289 officio
919 2251 987 2289 num

148 2307 212 2383 quis
229 2305 407 2384 hamspicem
424 2309 556 2379 consulit,
573 2330 658 2387 quem
675 2311 847 2369 admodum
869 2313 906 2369 sit
923 2331 988 2369 cum

146 2387 321 2462 parentibus
342 2407 407 2444 cum
432 2389 577 2461 fratribus,
600 2410 664 2447 cum
693 2392 792 2448 amicis
816 2391 989 2448 vivendum?

147 2486 234 2542 quern
248 2468 414 2526 admodum
426 2470 565 2527 utendum
578 2471 705 2546 pecunia,
719 2491 803 2548 quem
818 2472 855 2528 ad
869 2472 988 2528 modum

146 2547 264 2618 honore,
284 2567 368 2626 quem
391 2549 427 2606 ad
450 2551 569 2607 modum
592 2551 733 2627 imperio?
774 2551 823 2607 Ad
846 2552 989 2627 sapientes

147 2627 225 2699 haec,
240 2647 301 2684 non
321 2629 358 2685 ad
372 2628 484 2686 divinos
505 2631 604 2688 referri
625 2631 725 2688 solent.
768 2631 863 2699 Quina
885 2649 956 2707 quac
973 2649 990 2686 a

147 2706 303 2765 dialecticis
324 2715 374 2766 aut
390 2709 517 2786 physicis
533 2717 699 2782 tractantur,
717 2731 787 2768 num
805 2711 869 2788 quis
890 2729 989 2767 eorum

147 2787 276 2845 divinare
295 2796 390 2865 potest
409 2809 520 2848 unusne
540 2792 666 2848 mundns
687 2793 724 2848 sit
745 2811 780 2848 an
798 2792 900 2867 plures,
917 2809 989 2865 quac

147 2867 205 2924 sint
219 2868 302 2926 initia
315 2888 418 2938 rerum,
431 2889 465 2927 ex
483 2870 586 2947 quihus
601 2879 756 2928 nascuntur
770 2871 885 2928 omniat
912 2869 990 2944 Phy-

147 2947 273 3005 sicorum
289 2955 332 3006 est
345 2950 401 3006 ista
413 2951 573 3026 prudentia.
616 2951 680 3019 Quo
697 2951 785 3008 modo
800 2959 895 3008 autem
912 2967 990 3005 men-

146 3027 276 3099 tientem,
289 3048 375 3106 quem
389 3028 557 3104 ψευδόμενον
568 3038 679 3102 vocant,
692 3031 828 3088 dissolvas
843 3036 892 3087 aut
903 3046 988 3104 quem

147 3106 185 3163 ad
202 3109 322 3164 modum
339 3110 420 3166 soriti
439 3110 685 3186 resistas-quem,
702 3112 726 3166 si
744 3129 857 3167 necesse
877 3109 923 3179 sit,
938 3106 988 3163 La·

146 3186 210 3242 tino
231 3187 318 3244 verbo
339 3188 422 3246 liccat
444 3189 461 3217 “
473 3189 653 3246 acervalem'’
676 3191 825 3266 appellare,
844 3188 894 3246 scd
915 3185 988 3243 nihil
