2242 3436
321 110 390 159 ΗΒ,
404 110 466 168 111,
481 110 559 159 CAP.
574 110 717 172 V.-V111.,
732 109 746 169 §
763 113 850 159 13-19,
953 112 1000 159 113

158 230 230 268 rum.
272 209 356 268 Alter
372 230 407 267 ex
421 210 684 287 perturbationibus
697 217 902 287 tempestatum
917 219 945 268 et
959 231 1001 268 re-

158 291 244 368 liquis
272 289 406 347 motibus
458 289 572 348 Tertius
599 311 634 348 cx
662 291 868 348 commoditate
895 310 998 362 rerum,

159 390 229 446 quas
239 370 422 447 percipimus,
435 377 464 426 et
478 371 568 462 copia.
610 370 735 439 Quartus
750 390 787 427 ex
801 378 941 427 astrorum
957 390 1001 427 or·

158 451 226 507 diue
240 449 367 526 caelique
382 451 550 507 constantia.
592 449 638 507 De
652 450 866 586 praesensione
865 450 998 507 diximus

157 529 204 587 De
221 529 369 606 perturbat
357 529 485 587 tionibus
502 529 669 587 caelestibus
686 537 715 588 et
731 530 883 587 maritimis
901 537 929 587 et
946 536 1000 586 ter-

157 610 235 667 renis
257 628 315 666 non
338 629 490 686 possumus
510 609 612 681 dicere,
628 629 694 667 cum
716 629 750 667 ea
769 607 848 676 fiant,
864 628 921 666 non
940 629 999 666 esse

157 688 232 747 mult
221 696 266 746 tos
287 689 336 766 qui
353 689 401 746 illa
419 696 551 747 metuant
571 697 600 746 et
616 709 634 746 a
588 689 694 746 tdis
711 689 922 746 immortalibus
938 689 999 746 fieri

158 770 218 826 exis
219 770 331 826 timent.
376 769 421 826 17.
445 769 502 826 Sed
515 788 574 827 non
589 769 620 826 id
634 770 787 846 quaeritur,
800 770 894 827 sintne
911 769 1000 846 aliqui

158 851 209 926 qni
223 850 292 907 deos
309 868 370 906 esse
385 855 497 926 putent,
509 848 541 906 di
554 856 649 906 utrum
669 850 726 906 sint
743 869 831 907 necne
846 850 903 907 sint
918 868 1001 926 quae-

157 930 238 986 ritur.
281 929 357 986 Nam
374 928 498 1006 reliquae
515 949 623 1000 causae,
640 948 709 1006 quas
726 929 879 987 Cleanthes
896 929 998 999 adfert,

159 1029 279 1086 quarum
295 1028 352 1066 una
368 1017 411 1066 est
425 1009 461 1066 de
477 1010 704 1079 commodorum,
717 1029 789 1086 quae
806 1010 942 1086 capimus,
955 1028 1001 1066 co·

158 1091 215 1166 pia,
231 1088 319 1146 altera
335 1089 371 1146 de
387 1096 551 1166 temporum
569 1090 669 1147 ordine
686 1089 813 1166 caelique
830 1089 998 1160 constantia,

158 1177 222 1227 tum
237 1168 434 1226 tractabuntur
448 1190 465 1226 a
478 1169 570 1241 nobis,
582 1189 648 1227 cum
662 1169 874 1246 disputabimus
888 1169 923 1226 de
937 1188 1001 1246 pro-

158 1249 287 1306 videntia
307 1249 435 1320 deorum,
451 1250 487 1307 de
508 1269 564 1327 qua
582 1249 706 1327 plurima
722 1269 739 1306 a
756 1255 793 1319 te,
809 1248 907 1320 Balbe,
923 1249 1001 1306 dicta

159 1337 234 1400 sunt,
262 1335 307 1386 18.
336 1329 494 1406 eodemque
524 1330 573 1386 illa
603 1330 690 1386 etiam
721 1329 893 1399 differemus
923 1328 1001 1406 quod

159 1409 353 1486 Chrysippum
372 1409 464 1467 dicere
481 1409 585 1481 aiebas,
601 1409 737 1486 quoniam
755 1415 829 1465 esset
845 1408 953 1485 aliquid
971 1409 1001 1464 in

158 1509 252 1548 rerum
270 1496 372 1546 natura
386 1489 464 1566 quod
478 1489 513 1546 ab
528 1489 645 1547 homine
662 1489 735 1546 effici
749 1508 808 1545 non
823 1496 928 1565 posset,
941 1507 1000 1544 esse

159 1571 277 1627 homine
286 1569 395 1646 aliquid
406 1569 515 1640 melius,
525 1589 653 1647 quaeque
664 1570 694 1627 in
706 1569 794 1626 domo
805 1568 924 1645 pulchra
935 1587 1000 1625 curn

159 1648 372 1727 pulchritudine
386 1649 488 1706 mundi
499 1649 691 1728 comparabas,
704 1656 733 1707 et
743 1668 808 1706 cum
820 1648 910 1705 totius
920 1667 1001 1705 mun·

159 1731 190 1788 di
208 1729 435 1787 convenientiam
453 1749 679 1807 consensumque
697 1728 853 1799 adferebas,
869 1728 1002 1786 Zenonis·

159 1829 215 1888 que
231 1809 331 1867 breves
353 1816 383 1867 et
403 1809 529 1867 acutulas
550 1810 747 1867 conclusiones
763 1809 792 1866 in
811 1816 1001 1886 campartem

159 1890 307 1960 sermonis,
326 1909 412 1966 quam
439 1890 528 1947 modo
556 1890 624 1961 dixi,
647 1890 820 1958 differemus,
843 1889 1001 1966 eodemque

158 1979 290 2062 ternpore
304 1969 353 2026 illa
369 1969 474 2040 omnia,
491 1989 562 2046 quae
580 1990 596 2027 a
612 1976 641 2028 te
655 1969 774 2047 physice
791 1970 868 2027 dicta
885 1976 952 2026 sunt
965 1969 1001 2026 de

159 2051 189 2107 vi
202 2069 288 2126 rgnea
304 2049 396 2126 deque
414 2069 447 2106 eo
465 2050 565 2120 calore,
578 2069 613 2107 ex
628 2069 685 2138 quo
703 2049 802 2106 omnia
817 2069 946 2127 generarr
939 2049 1001 2105 di-

159 2130 252 2200 cebas,
264 2129 328 2186 loco
346 2148 397 2186 suo
415 2137 594 2206 quaerentur,
607 2130 767 2206 omniaque,
784 2149 856 2207 quae
873 2149 890 2186 a
905 2137 934 2186 te
952 2149 1001 2185 nu·

160 2211 226 2268 dius
242 2209 344 2266 tertius
361 2209 438 2266 dicta
455 2217 529 2280 sunt,
545 2229 611 2267 cum
626 2210 728 2266 docere
745 2209 829 2266 velles
847 2209 915 2266 deos
932 2229 1000 2268 esso.

160 2309 218 2368 qua
234 2309 264 2346 re
281 2295 311 2346 et
326 2289 453 2346 mundus
467 2291 614 2347 uniVersus
630 2296 660 2347 et
676 2289 718 2346 sol
733 2296 762 2347 et
776 2289 843 2346 luna
859 2296 889 2346 et
906 2288 1002 2346 stellae

160 2388 276 2428 sensum
293 2387 326 2426 ac
342 2375 469 2426 mentem
486 2368 633 2441 haberent,
648 2372 678 2425 in
695 2369 772 2426 idem
787 2376 901 2444 tempus·
917 2388 1003 2425 reser-

160 2449 242 2508 vabo.
287 2454 333 2506 19.
351 2448 381 2505 A
394 2456 424 2506 tc
438 2456 534 2506 autem
544 2449 622 2507 idem
633 2449 704 2506 illud
716 2448 803 2505 etiam
814 2455 900 2524 atque
915 2448 1001 2504 etiam

161 2548 305 2607 quaeram,
318 2528 421 2606 quibus
434 2529 594 2587 rationibus
607 2528 661 2586 tibi
672 2527 842 2606 persuadeas
853 2528 922 2584 deos
933 2547 1000 2584 esse.

160 2609 245 2669 VIII.
263 2609 338 2666 Turn
353 2608 478 2666 Balbus:
500 2609 643 2686 Equidem
657 2608 785 2667 attulisse
796 2607 920 2664 rationes
930 2607 1002 2662 mihi

160 2690 268 2760 videor,
282 2688 332 2746 sed
347 2708 393 2745 eas
407 2695 439 2745 tu
455 2690 494 2746 ita
505 2689 618 2759 refellis,
628 2695 668 2760 ut,
681 2707 747 2745 eum
757 2707 805 2744 me
814 2687 1003 2763 interrogatu-

160 2789 209 2826 rus
224 2788 284 2826 esse
299 2769 411 2826 videare
425 2776 454 2826 et
468 2788 522 2845 ego
536 2788 583 2826 me
597 2769 634 2826 ad
644 2767 876 2845 respondendum
890 2785 1003 2842 compa-

160 2849 256 2919 rarim,
268 2855 369 2925 repent
370 2868 385 2905 e
400 2858 508 2906 avertas
520 2849 678 2906 orationem
688 2867 739 2905 nec
751 2847 801 2905 des
811 2846 1003 2939 respondendi

161 2928 265 2986 locum.
305 2929 406 3010 Itaque
420 2929 561 2986 maximae
575 2948 619 2986 res
629 2929 685 2986 taci
687 2935 733 2984 tae
744 2928 957 3004 praeterierunt,
936 2926 1003 2982 tdo

162 3009 348 3101 divinatique,
364 3009 400 3065 de
416 3009 460 3066 fat
448 3016 487 3079 to,
501 3008 604 3144 qulbus
618 3009 654 3065 de
669 3006 882 3085 quaestionibus
896 3012 928 3062 tu
944 3005 1003 3082 qui·

162 3089 277 3146 dcmt
252 3089 332 3146 strict
334 3089 382 3158 im,
398 3089 488 3145 nostri
505 3109 539 3145 au
542 3095 599 3144 tem
618 3087 709 3144 multa
726 3086 818 3144 solent
836 3087 937 3156 dicere,
954 3084 1002 3140 sed

162 3168 199 3224 ab
218 3168 270 3225 hac
287 3187 320 3224 ea
337 3169 510 3244 quaestione,
523 3187 594 3244 quae
608 3187 684 3222 nunc
699 3168 728 3222 in
746 3165 940 3223 marmibust
897 3171 992 3234 estse
