2220 3432
275 99 344 149 ura.
359 99 407 161 11,
418 98 496 149 cur.
513 97 773 161 xxir.-xxxrr.‚§
788 103 876 151 re-ea
965 105 997 152 rs

153 202 264 259 minum
274 219 377 277 genere
386 219 475 272 mens,
484 199 666 272 fides,virtus,
673 199 833 272 concordia,
841 201 917 259 unde
926 201 997 260 hacc

153 283 300 340 interram
314 281 370 338 nisi
384 280 420 337 ab
435 280 545 358 superis
558 279 682 338 defluere
696 283 871 358 potueruutl
911 281 993 339 Cum·

154 381 210 439 quc
225 361 283 418 sint
297 361 327 417 iu
341 361 426 418 uobis
443 360 602 430 consilium,
615 361 697 431 ratio,
709 361 870 437 prudentia,
882 379 996 420 necesse

153 449 197 498 est
211 442 281 498 deos
294 441 364 498 hacc
378 441 442 518 ipsa
458 439 561 497 habere
577 440 687 497 maiore
703 459 755 497 nec
772 440 875 498 habere
893 440 995 513 solum,

153 522 202 578 sed
218 521 305 578 etiam
320 521 365 578 his
381 521 424 578 uti
439 521 469 577 in
486 519 620 576 maximis
637 528 666 577 et
681 520 799 596 optimis
813 520 904 578 rebus,
948 527 994 578 80.

152 601 235 658 Nihil
251 607 348 658 autem
366 609 478 658 estnec
496 600 590 656 maius
609 619 662 657 uec
682 600 785 657 melius
801 600 927 657 mundo:
949 620 998 657 ne-

152 700 230 738 cesse
251 687 379 757 estergo
401 699 467 737 eum
488 679 607 736 deorum
629 681 750 737 consilio
770 688 799 737 81
815 680 997 758 providentia

152 761 354 818 administrari.
396 759 550 817 Postremo
570 779 636 817 cum
658 761 727 817 satis
743 760 926 818 docuerimus
942 760 997 816 hos

153 859 213 898 esse
231 840 308 910 deos,
322 857 444 917 quorum
461 839 604 916 insignem
618 839 677 896 vim
694 847 724 898 81
738 840 876 898 illustrem
891 840 995 897 faciem

152 919 322 991 videremus,
338 919 427 977 solem
449 920 515 977 dico
536 926 565 976 ct
581 919 678 977 lunam
700 928 729 977 et
745 940 831 997 vagas
853 920 948 977 stellas
967 929 997 977 et

153 999 309 1057 inerrantes
323 1006 353 1057 et
367 999 476 1057 caelum
491 1007 520 1057 ct
534 1000 676 1057 mundum
690 1000 785 1076 ipsum
801 1008 829 1058 81
843 1019 940 1057 earum
955 1019 997 1057 re-

152 1099 217 1137 rum
232 1080 300 1152 vim,
313 1099 385 1157 quae
399 1081 526 1138 inessent
539 1080 569 1136 in
584 1080 664 1137 omni
679 1081 789 1137 mundo
806 1100 871 1137 cum
888 1099 995 1156 magno

152 1180 207 1217 usu
223 1167 253 1217 et
269 1160 476 1217 commoditate
493 1160 605 1237 generis
620 1159 748 1230 humani,
761 1159 883 1218 efficitur
899 1161 996 1217 omnia

152 1240 213 1316 regi
223 1239 321 1297 diviua
329 1246 427 1297 mente
438 1247 523 1317 atque
534 1239 695 1316 prudentia.
732 1240 821 1297 Aede
832 1240 925 1316 prima
936 1241 996 1316 qui·

153 1320 219 1378 dem
234 1327 315 1396 parte
326 1321 395 1378 88118
409 1321 518 1378 dictum
534 1327 584 1376 cst.

198 1399 324 1458 XXXII.
362 1406 408 1457 81.
425 1399 561 1476 Sequitur
574 1405 607 1456 ut
622 1399 740 1456 doceam
758 1399 856 1455 omnia
869 1399 996 1456 subiecta

153 1499 213 1538 8888
227 1487 345 1538 naturae
359 1499 448 1557 eaque
462 1479 498 1536 ab
510 1499 543 1537 ea
553 1474 743 1556 pulcherrime
754 1479 822 1554 geri.
857 1477 914 1535 Sed
926 1479 996 1556 quid

153 1561 192 1617 sit
205 1560 267 1636 ipsa
281 1567 382 1618 natura
396 1559 596 1636 explicandum
611 1565 731 1616 estante
744 1557 876 1630 breviter,
886 1576 944 1634 que
955 1558 997 1614 fa-

153 1640 236 1698 cilius
246 1640 285 1710 id,
294 1640 371 1716 quod
383 1640 484 1697 docere
493 1639 634 1709 volumus,
642 1638 770 1715 intellegi
781 1638 880 1714 possit.
910 1637 997 1694 Nam-

154 1739 209 1797 que
224 1720 271 1776 alii
286 1727 416 1777 naturam
432 1726 549 1776 censent
563 1737 623 1776 esse
637 1719 696 1775 vim
717 1719 860 1796 quandam
878 1720 938 1778 siue
955 1737 997 1777 ra-

152 1801 233 1858 tioue
245 1801 366 1857 cientem
378 1798 880 1875 motusincorporibusnecessarios
891 1796 998 1854 8111811-

153 1888 213 1937 tem
228 1880 287 1937 vim
300 1879 469 1956 participem
487 1879 607 1936 rationis
623 1885 709 1955 utque
726 1877 835 1935 ordinis
848 1884 996 1954 tamquam

153 1960 200 2018 via
210 1960 441 2036 progredientem
457 1959 705 2034 declarantemque
720 1957 789 2035 quid
804 1959 940 2034 cuiusque
955 1957 996 2013 rei

154 2059 239 2098 causa
259 2039 370 2110 efficiat,
389 2039 460 2116 quid
480 2045 622 2116 sequatur,
641 2039 722 2095 errius
743 2037 896 2094 sollertiam
920 2036 998 2093 nulla

153 2139 207 2190 ars,
222 2119 301 2176 nulla
320 2139 430 2191 manus,
446 2137 531 2176 nemo
553 2119 652 2195 opifex
673 2118 810 2194 consequi
826 2117 918 2194 possit
935 2117 998 2173 imi·

153 2200 262 2258 tando:
284 2199 400 2257 seminis
417 2199 494 2256 enim
511 2199 571 2255 vim
588 2217 648 2255 esse
664 2205 783 2268 tantam,
797 2205 829 2254 ut
845 2198 884 2268 id,
901 2215 998 2272 quam·

155 2299 241 2357 quam
259 2280 297 2337 sit
313 2279 508 2356 perexiguum,
520 2286 626 2349 tamen,
637 2278 661 2334 si
678 2277 810 2335 inciderit
826 2277 856 2334 in
874 2276 998 2352 concipi-

154 2367 250 2418 entem
265 2359 614 2436 compreheudentcmque
628 2364 758 2415 naturam
773 2364 945 2433 nactumque
961 2356 998 2413 sit

154 2440 312 2510 materiam,
326 2458 383 2517 qua
398 2439 436 2496 ali
453 2439 607 2515 augerique
624 2439 724 2515 possit,
737 2438 778 2494 ita
790 2436 881 2513 fingat
898 2443 927 2493 et
942 2434 998 2492 effi-

154 2520 212 2578 ciat
225 2521 256 2576 in
274 2539 325 2577 suo
343 2519 470 2596 quidque
484 2537 595 2594 genere,
608 2518 713 2592 partim
731 2524 764 2574 ut
778 2524 891 2574 tantum
908 2515 997 2571 modo

154 2619 206 2678 per
222 2599 326 2677 stirpes
343 2598 455 2656 alantur
471 2617 543 2668 suas,
559 2598 664 2674 partim
685 2604 719 2654 ut
734 2596 843 2653 moveri
860 2595 947 2652 ctiam
969 2601 999 2651 et

154 2680 260 2738 sentire
275 2687 304 2736 et
318 2686 452 2756 appetere
466 2679 578 2755 possint
592 2685 621 2735 ct
635 2697 671 2735 ex
687 2695 747 2734 sese
761 2675 866 2732 similia
879 2674 923 2731 sui
937 2674 999 2750 gig-

154 2779 229 2818 nere.
274 2766 320 2817 82.
339 2759 413 2816 Sunt
436 2765 532 2816 autem
555 2758 605 2834 qui
624 2757 722 2814 omnia
743 2763 860 2813 naturae
881 2755 998 2811 nomine

155 2839 309 2917 appellent,
321 2846 355 2896 ut
369 2839 518 2916 Epicurus,
531 2839 581 2914 qui
594 2838 636 2895 ita
649 2835 761 2908 dividit,
775 2835 913 2905 omnium,
927 2853 998 2910 quae

155 2921 222 2990 sint,
232 2927 364 2977 naturam
380 2938 441 2976 esse
454 2936 576 2995 corpora
589 2924 619 2975 et
632 2917 716 2974 inane
731 2935 859 2993 quaeque
869 2915 915 2972 his
929 2915 1000 2971 acci-

154 2999 234 3057 dant.
278 2999 335 3057 Sed
352 3016 406 3056 nos
422 3017 488 3055 curn
504 2997 626 3054 dicimus
646 3004 748 3053 natura
764 3003 893 3053 constare
910 2994 999 3051 admi-

154 3079 327 3156 nistrarique
340 3079 492 3147 muudum,
502 3095 559 3133 uou
571 3078 612 3134 ita
622 3075 753 3145 dicimus,
761 3082 794 3132 ut
804 3075 934 3150 glaebam
949 3080 999 3130 aut

155 3161 352 3234 fragmentum
370 3157 474 3234 lapidis
496 3164 545 3213 aut
562 3155 670 3232 aliquid
685 3155 745 3212 eius
763 3155 842 3212 modi
859 3153 937 3210 nulla
954 3173 999 3208 co-

1050 3285 1089 3336 Δ
