2220 3432
325 135 395 185 ιιι.
407 135 531 198 1.,cur.
544 133 814 197 vrr.-1x.‚§1e22.
961 141 990 187 ιι

152 255 187 294 ex
204 235 308 313 quibus
324 236 434 314 reliqua
449 237 620 308 formantur,
635 244 702 314 epte
723 237 857 296 cadentes
877 238 914 296 ad
934 239 993 296 ani·

152 337 232 374 mum
260 315 442 374 efficiendum
465 316 675 395 pariendosque
702 319 819 376 sensusl
859 317 993 396 Longum

152 405 196 453 est
209 396 246 453 ad
261 397 366 468 omnia,
379 416 451 474 quae
464 397 535 455 talia
548 403 623 468 sunt,
638 403 672 454 ut
686 403 786 474 optata
799 399 892 476 magis
907 418 992 476 quam

152 476 269 533 iuventa
285 477 443 535 rideantur.
486 483 533 535 20.
550 477 608 535 Sed
623 477 672 535 illa
687 477 831 554 palmaris,
843 477 930 555 quod,
943 479 993 556 qui

152 575 211 612 nou
232 556 320 614 modo
341 564 443 614 natum
461 556 603 614 muudum
624 557 823 628 introduxerit,
839 558 889 616 sed
906 559 993 616 etiam

152 655 240 693 manu
249 655 341 714 paene
351 637 486 729 factum,
479 657 503 694 rs
514 656 580 695 eum
591 637 696 695 dixerit
704 638 767 695 fore
778 639 992 715 sempiternum.

152 717 241 774 Hunc
257 736 355 774 censes
371 717 480 794 primis,
496 724 529 774 ut
545 717 659 789 dicitur,
669 717 756 775 labris
771 725 901 810 gustasse
922 718 994 796 phy·
1011 731 1013 737 '

153 795 312 874 siologiam',
328 796 435 868 idtest,
453 803 570 854 naturae
597 798 747 869 rationem,
762 799 813 877 qui
841 798 994 876 quicquam

153 877 232 969 quod
246 885 342 934 ortum
357 877 396 935 sit
408 884 492 954 putet
505 884 653 936 aeternum
667 897 727 936 esse
741 879 843 955 posse.
864 897 936 956 quae
950 884 993 935 est

153 957 231 1014 cuim
245 958 458 1034 coagmentatio
474 977 534 1016 non
548 957 723 1016 dissolubilis
737 965 787 1016 aut
803 958 874 1036 quid
890 965 934 1016 est
947 977 994 1016 eu-

154 1037 198 1094 ius
209 1038 383 1115 principium
394 1037 511 1116 aliquod
523 1038 568 1110 sit,
579 1037 651 1096 nihil
662 1039 699 1097 sit
710 1045 867 1097 extremum
878 1040 888 1096 ι
924 1038 994 1096 Ριο-

154 1137 227 1174 noea
242 1137 309 1176 vero
327 1119 352 1175 si
368 1125 461 1176 vestra
477 1125 528 1189 est,
545 1119 645 1191 Lucili,
661 1119 769 1190 eadem,
782 1119 904 1196 requiro,
920 1137 993 1196 quae

154 1197 240 1274 paulo
256 1206 332 1269 ante,
348 1199 503 1271 ministros,
518 1199 673 1271 machinas,
689 1217 803 1257 omnem
822 1200 911 1256 totius
928 1217 994 1275 ope

153 1278 193 1334 ris
204 1278 433 1356 designationem
444 1286 530 1356 atque
544 1285 730 1357 apparatum:
753 1280 797 1336 sin
811 1279 867 1337 alia
880 1286 994 1349 estem

153 1358 305 1416 mortalem
325 1359 427 1417 fecerit
449 1360 600 1431 mundum,
618 1379 686 1432 non,
702 1378 788 1436 quem
812 1359 849 1416 ad
872 1359 993 1416 modum

154 1438 321 1497 Platonicus
338 1439 416 1510 deus,
432 1440 646 1516 sempitemum.
689 1439 742 1497 IX.
785 1444 831 1496 21.
847 1438 896 1496 Ab
916 1446 994 1496 utro·

154 1539 210 1596 que
224 1526 323 1577 autem
337 1520 467 1578 sciscitor
483 1539 534 1577 cur
549 1519 652 1577 muudi
667 1519 861 1578 aedificatores
876 1527 993 1596 repente

154 1599 325 1672 exstiterint,
341 1600 561 1659 innumerabilia
581 1599 692 1658 saecula
707 1599 883 1657 dormierint.
926 1598 993 1656 Nou

153 1680 275 1750 enimsi
286 1680 411 1738 muudus
424 1681 520 1740 nullus
533 1687 602 1752 orat,
612 1679 723 1738 saecula
733 1699 792 1737 uon
803 1685 890 1737 erant.
929 1678 994 1737 Sae·
1041 1728 1046 1736 .

154 1761 219 1818 cula
231 1762 308 1818 nune
322 1761 388 1819 dico
402 1781 461 1819 nou
476 1781 517 1834 ea,
532 1780 606 1839 quae
620 1760 730 1818 dierum
744 1759 930 1837 noctiumque
944 1779 995 1818 nu-

154 1860 235 1898 mero
255 1842 357 1899 annuis
378 1841 507 1900 cursibus
527 1840 733 1900 conficiuntur:
755 1859 822 1897 uam
843 1840 937 1898 fateor
961 1859 995 1897 ea

154 1921 217 1978 sine
230 1922 332 1979 mundi
347 1923 530 1980 conversione
544 1921 619 1981 effici
632 1940 691 1979 non
707 1921 851 1999 potuisse:
873 1920 923 1978 sed
936 1920 995 1977 fuir

155 2001 295 2078 quaedam
312 2001 349 2059 ab
363 2001 476 2060 infinito
490 2010 620 2079 tempore
633 2001 797 2071 aeternitas,
812 2019 900 2078 quam
916 2000 995 2058 nulla

153 2082 382 2160 circumscriptio
402 2089 568 2160 temporum
588 2081 767 2152 metiebatur,
783 2081 877 2158 spatio
897 2087 995 2138 tamen

154 2161 248 2239 qualis
262 2181 295 2220 ea
308 2163 397 2220 fuerit
410 2163 539 2240 intellegi
552 2182 611 2221 non
625 2169 738 2238 potest:
760 2161 839 2239 quod
852 2181 889 2219 ne
904 2161 936 2218 iu
950 2180 995 2219 co

154 2242 327 2318 gitationem
344 2243 462 2322 quidem
482 2244 568 2315 cadit,
583 2250 616 2302 ut
632 2242 721 2301 fuerit
737 2248 852 2319 tempus
868 2241 993 2319 aliquod,

155 2323 267 2380 nullum
284 2342 349 2380 cum
365 2331 481 2401 tempus
497 2331 579 2382 esset.
605 2329 668 2381 ιι.
685 2322 746 2380 Isto
762 2322 851 2399 igitur
866 2328 927 2379 tam
944 2322 994 2378 im·

155 2421 256 2460 menso
273 2404 367 2481 spatio
384 2423 498 2481 quaero,
510 2404 609 2474 Balbc,
622 2423 672 2462 cur
685 2403 817 2461 Pronoea
830 2408 891 2459 vest
890 2421 923 2459 ra
939 2419 996 2459 ees-

155 2483 268 2542 saverit.
311 2483 487 2542 Laboremne
498 2484 648 2560 fuqreba
688 2483 781 2541 At
744 2490 781 2540 rs
783 2502 798 2540 e
813 2488 907 2540 necat
909 2481 996 2573 tingit

155 2563 243 2621 deum
267 2583 320 2622 nec
344 2571 404 2622 crta
427 2565 510 2637 ullus,
528 2584 594 2622 cum
620 2583 719 2622 omnes
743 2569 860 2620 naturae
883 2561 996 2618 numini

155 2643 264 2716 divino,
280 2645 422 2716 caelum,'
415 2664 504 2722 ignes,
519 2651 618 2716 terrae,
634 2645 723 2702 maria
737 2651 876 2720 parerent.
918 2641 995 2710 Quid

155 2730 252 2782 autem
271 2732 332 2782 erat
347 2726 427 2803 quod
441 2727 654 2802 concupisceret
668 2725 738 2782 deus
751 2722 928 2780 mundum'
907 2722 996 2796 siguis

156 2812 186 2862 et
202 2804 358 2864 luminibus
374 2813 522 2883 tamquam
543 2805 643 2863 aedilis
664 2805 781 2862 ornaret
822 2803 861 2873 Si,
877 2809 910 2860 ιιι
926 2771 996 2859 deus

157 2885 218 2961 ipse
232 2885 334 2943 melius
346 2885 495 2958 habitaret,
505 2893 589 2943 antea
599 2884 732 2942 videlieet
741 2892 871 2962 tempore
882 2881 996 2940 infinito

157 2965 187 3021 iu
198 2965 323 3023 tenebris
333 2967 503 3044 tamquam'
496 2985 525 3022 ιιι
537 2972 657 3043 gurgust
659 2965 687 3021 io
645 2963 882 3023 thabitavcrat.
924 2963 997 3020 Post

157 3052 254 3102 autem
271 3046 443 3105 varietatene
463 3065 530 3103 eum
547 3045 682 3102 delectari
702 3050 755 3120 put
756 3063 845 3113 amus,
862 3062 918 3120 qua
937 3060 997 3099 cac-

158 3124 217 3183 lum
235 3132 264 3183 et
277 3132 366 3185 terras
383 3133 533 3185 exornatas
546 3124 694 3181 videmusl
734 3123 813 3192 Quae
830 3124 885 3180 ista
901 3127 998 3199 potest

157 3225 219 3265 esse
240 3206 394 3265 oblectatio
410 3207 485 3265 deol
504 3223 578 3282 quae
599 3204 623 3260 si
644 3209 725 3273 esset,
740 3222 799 3260 non
820 3209 928 3260 eatam
946 3199 997 3256 diu
