2220 3432
130 90 147 136 6
353 89 402 138 ΒΕ
419 89 569 140 NATURA
586 92 745 141 DEORUM.

130 208 181 247 nes
200 207 260 247 non
281 189 414 248 socordes
434 190 471 248 ad
487 192 547 248 veri
563 192 755 269 investigandi
772 192 970 269 cupiditatem.

131 275 157 327 5.
176 268 233 326 Res
247 270 325 327 enim
339 269 417 327 nulla
431 278 481 342 est,
495 271 531 330 de
542 291 598 348 qua
608 279 689 330 tanto
704 291 789 350 opere
803 293 862 330 non
877 273 969 330 solum

130 349 248 421 indocti,
261 350 310 409 sed
328 351 414 409 etiam
430 351 508 409 docti
523 352 699 410 dissentiant.
735 352 863 421 Quomm
879 354 972 430 opini-

130 448 200 486 ones
224 449 289 488 cum
314 437 373 488 tam
395 432 488 489 variae
513 432 571 488 sint
597 439 713 510 tamque
737 433 812 490 inter
837 453 866 490 se
891 434 972 491 dissi·

130 509 238 580 dentes,
254 510 374 568 alterum
389 511 450 570 fieri
464 513 596 588 profecto
610 520 714 589 potest,
726 520 759 570 ut
773 533 869 571 earum
883 513 970 583 nulla,

130 589 251 648 alterum
268 597 343 648 certe
358 610 416 648 non
430 598 534 668 potest,
548 600 580 649 ut
595 592 660 669 plus
674 612 731 650 una
745 613 810 650 vera
827 594 871 652 sit.
915 593 969 652 ΙΙΙ.

130 668 194 738 Qua
208 670 324 746 quidem
339 671 369 727 in
387 689 471 728 causa
486 679 516 729 et
529 672 683 730 benevolos
700 673 896 750 obiurgatores
913 674 972 751 ple-

130 769 193 806 care
208 757 236 807 et
250 750 363 808 invidos
376 751 583 828 vituperatores
599 753 747 810 confutare
762 773 922 829 possumus,
937 763 971 811 ut

130 829 235 887 alteros
245 829 459 906 reprehendisse
468 832 621 908 paeniteat,
629 833 710 890 alteri
719 833 852 891 didicisse
863 853 892 892 se
903 853 971 911 gan-

130 910 224 966 deant.
267 909 342 967 Nam
357 911 407 987 qui
421 911 579 969 admonent
593 913 683 970 amice
694 913 817 971 docendi
831 921 906 985 sunt,
920 915 970 990 qui

130 989 245 1046 inimice
266 990 442 1048 insectantur
463 991 627 1068 repellendi.
677 999 703 1050 6.
726 992 850 1050 Multum
873 1001 969 1051 autem

130 1069 245 1126 fluxisse
259 1069 343 1126 video
357 1070 393 1127 de
408 1070 487 1128 libris
502 1073 615 1142 nostris,
627 1091 699 1149 quos
715 1073 876 1150 complures
890 1073 970 1130 brevi

130 1156 260 1225 tempore
274 1149 424 1221 edidimus,
437 1151 605 1228 variumque
622 1171 782 1210 sermonem
799 1154 905 1230 partim
923 1153 971 1210 ad-

130 1229 296 1286 mirantium
311 1230 387 1287 unde
401 1230 457 1288 hoc
471 1231 695 1308 philosophandi
709 1232 792 1290 nobis
806 1233 902 1291 subito
913 1241 971 1290 stu-

130 1310 211 1366 dium
225 1310 388 1380 exstitisset,
400 1311 505 1387 partim
523 1312 593 1388 quid
610 1331 722 1390 quaque
737 1312 772 1370 de
789 1332 819 1370 re
836 1314 906 1370 certi
922 1313 971 1370 ha-

130 1389 262 1447 beremus
276 1389 346 1447 scire
360 1391 546 1467 cupientium.
583 1391 682 1450 Multis
696 1392 782 1450 etiem
798 1393 872 1450 sensi
887 1394 970 1450 mira-

129 1469 187 1527 bile
215 1469 306 1527 videri
329 1489 392 1528 eam
420 1471 504 1528 nobis
528 1472 712 1548 potissimum
736 1472 885 1549 probatam
909 1493 970 1530 esse

48 1613 52 1622 ,
130 1549 351 1626 philosophiam,
367 1569 439 1627 quae
456 1551 549 1608 lucem
570 1553 691 1629 eriperet
707 1559 736 1610 et
753 1553 834 1629 quasi
854 1560 969 1610 noctem

129 1629 272 1704 quandam
290 1629 374 1687 rebus
392 1631 560 1703 offunderet,
568 1632 751 1710 desertaeque
762 1632 930 1710 disciplinae
941 1641 970 1690 ct

129 1709 314 1785 iampridem
331 1710 444 1768 relictae
461 1712 653 1787 patrocinium
669 1712 872 1788 necopinatum
891 1732 971 1768 ano-

129 1789 174 1846 bis
185 1808 245 1846 esse
257 1797 427 1867 susceptum.
463 1790 525 1847 Nos
539 1798 634 1848 autem
649 1810 701 1848 nec
715 1790 811 1848 subito
822 1791 970 1868 coepimus

129 1868 325 1946 philosophari
339 1889 391 1928 nee
402 1869 575 1928 mediocrem
590 1889 607 1926 a
620 1870 714 1946 primo
725 1876 854 1947 tempore
869 1873 970 1930 aetatis

129 1950 160 2006 in
181 1969 215 2007 eo
240 1950 337 2007 studio
361 1968 477 2026 operam
498 1969 651 2027 curamque
675 1951 912 2027 consumpsimus,
931 1961 968 2024 et,

130 2049 196 2086 cum
218 2029 338 2087 minime
358 2029 534 2100 videbamur,
552 2036 615 2086 tum
641 2030 764 2087 maxime
787 2031 970 2109 philosopha·

129 2109 238 2180 bamur,
252 2109 330 2186 quod
344 2117 374 2166 et
391 2109 534 2166 orationes
550 2109 694 2168 declarant
708 2110 828 2169 refertae
845 2111 970 2188 philoso

130 2189 255 2266 phorum
277 2189 426 2246 sententiis
450 2195 479 2246 et
505 2189 736 2248 doctissimorum
757 2191 908 2248 hominum
929 2192 943 2249 f
961 2226 971 2234 -

130 2270 317 2338 miliaritates,
330 2269 434 2346 quibus
451 2288 563 2346 semper
583 2271 686 2328 domus
707 2278 805 2328 nostra
823 2271 929 2342 floruit,
941 2281 970 2330 et

130 2350 274 2426 principes
285 2349 326 2407 illi
336 2349 491 2420 Diodotus,
502 2349 596 2419 Philo,
605 2350 775 2422 Antiochus
786 2351 969 2424 Posidonius,

130 2449 148 2486 a
165 2429 268 2506 quibus
284 2429 411 2488 instituti
428 2449 533 2488 sumus.
580 2430 606 2488 7.
628 2431 667 2488 Et
688 2432 711 2488 si
733 2431 971 2508 omniaphiloso-

130 2509 215 2587 phiae
230 2516 381 2587 praecepta
395 2510 557 2569 referuntur
571 2511 607 2568 ad
622 2511 719 2581 vitam,
732 2511 902 2568 arbitramur
918 2532 971 2569 nos

131 2597 161 2648 et
177 2589 300 2667 publicis
317 2597 346 2648 et
362 2590 481 2668 privatis
497 2592 527 2648 in
547 2591 631 2648 rebus
652 2610 685 2648 ea
701 2591 882 2668 praestitisse,
898 2611 970 2669 quac

130 2672 204 2728 ratio
219 2678 249 2728 et
262 2671 393 2729 doctrina
406 2671 626 2748 praescripserit.
660 2670 711 2729 IV.
730 2671 781 2728 Sin
795 2678 892 2728 autem
907 2673 971 2749 quis

131 2751 250 2827 requirit
267 2771 339 2829 quae
360 2770 444 2810 causa
464 2771 517 2809 nos
533 2751 680 2829 impulerit
699 2757 732 2809 ut
748 2750 817 2808 haec
831 2758 891 2808 tam
908 2772 971 2809 sero

132 2830 235 2888 litteris
248 2832 456 2904 mandaremus,
468 2832 540 2890 nihil
558 2840 601 2890 est
615 2831 693 2909 quod
710 2831 842 2908 expedire
856 2838 915 2889 tam
930 2832 972 2889 fa-

132 2910 185 2967 cile
207 2912 357 2988 possimus.
409 2912 483 2971 Nam
509 2932 575 2972 eum
596 2913 657 2970 otio
678 2913 876 2988 langueremus
897 2919 926 2970 et
947 2914 972 2969 is

132 2999 206 3048 esset
219 2992 260 3049 rei
273 2993 404 3069 publicae
418 3000 517 3064 status,
529 3001 562 3051 ut
576 3012 639 3051 eam
653 2993 738 3050 unius
752 2991 871 3048 consilio
885 2998 972 3068 atque

132 3089 200 3127 eura
210 3072 362 3148 gubernari
372 3093 485 3133 necesse
497 3081 578 3145 esset,
590 3074 716 3150 primum
728 3071 817 3147 ipsius
828 3072 869 3129 rei
879 3071 972 3148 publi·

133 3168 182 3208 cae
198 3170 282 3211 eausa
297 3153 511 3230 philosophiam
528 3154 634 3212 nostris
647 3150 814 3210 hominibus
831 3151 972 3227 explican-
