2224 3446
287 129 809 193 nrss.11,‚cs1³.xu,-x1r.‚§ss-ea
923 135 973 184 ror

125 232 242 306 sterentl
283 230 341 288 Sed
356 231 379 286 si
394 231 493 287 eadem
508 230 579 288 hora
594 231 665 288 aliae
679 232 797 309 pecudis
814 233 891 290 iecur
907 234 972 290 niti-

130 313 200 371 dum
217 318 303 388 atque
318 310 434 387 plenum
449 318 499 381 est,
512 311 583 368 aliae
597 311 745 368 horridum
763 318 791 369 et
808 313 888 381 exile,
902 313 971 390 quid

130 401 173 449 est
191 392 268 469 quod
285 391 419 447 declarari
436 391 527 467 possit
544 390 645 448 habitu
666 398 796 448 extorum
814 399 843 449 et
859 392 970 451 colorel

131 478 177 529 31.
201 491 236 528 an
258 471 313 528 hoc
334 471 461 528 eiusdem
484 471 564 527 modi
586 478 637 541 est,
654 471 735 548 quale
756 471 971 548 Pherecydeum

130 550 209 622 illud,
222 551 300 628 quod
315 557 357 608 est
371 570 388 606 a
401 557 430 607 te
444 550 574 608 dictuml
595 552 644 628 qui
658 571 840 628 cumnquam
855 552 972 610 vidisset

129 650 164 688 ex
178 637 267 707 puteo
281 630 421 700 haustam,
433 637 524 687 terrae
538 638 651 687 motum
666 630 740 688 dixit
750 631 889 689 futurum.
919 632 972 689 Pn-

128 730 202 781 rum,
215 710 308 781 credo,
318 709 509 787 impudenter,
523 710 609 785 quod,
621 730 687 768 cum
701 712 795 769 factus
810 718 853 768 est
866 719 970 781 motus,

129 791 223 848 dicere
237 790 344 847 audent
359 809 430 866 quae
444 790 487 847 vis
501 790 532 846 id
546 791 688 848 effecerit:
707 791 831 848 etiamne
841 791 972 848 futurum

129 889 190 927 esse
212 889 300 946 aquae
317 871 392 946 iugis
413 869 507 926 colore
523 871 739 946 praesentiunt?
780 871 872 928 Multa
889 872 972 929 istius

128 949 210 1006 modi
225 949 359 1007 dicuutur
372 950 402 1006 in
419 948 532 1018 scholiS,
548 950 598 1007 sed
612 950 725 1008 credere
743 952 841 1008 omnia
854 951 919 1008 vide
936 971 972 1008 ne

129 1048 188 1086 non
203 1030 241 1086 sit
255 1048 374 1086 neccsse.
418 1035 464 1086 32.
480 1029 589 1086 Verum
605 1031 663 1086 sint
677 1049 743 1088 sane
758 1031 813 1088 ista
826 1031 973 1088 Democri-

129 1119 177 1166 tea
203 1127 286 1166 vera:
316 1109 430 1185 quando
458 1128 491 1166 ea
518 1128 571 1166 uos
599 1110 672 1166 extis
701 1111 895 1186 exquirimus?
922 1118 973 1168 aut

130 1189 246 1265 quando
263 1188 371 1264 aliquid
388 1189 448 1245 eius
465 1189 546 1245 modi
559 1188 595 1246 ab
609 1189 760 1265 haruspice
774 1191 910 1266 inspectis
927 1210 972 1247 ex-

129 1270 167 1325 tis
189 1268 368 1325 audivimus?
408 1269 547 1346 Absque
567 1275 617 1326 aut
634 1269 670 1326 ab
686 1270 748 1346 igni
766 1270 892 1345 pericula
911 1289 973 1327 mc-

129 1356 215 1405 ucnt:
237 1355 299 1405 tum
317 1348 496 1419 hereditates,
512 1355 575 1405 tum
592 1349 697 1405 damna
718 1350 906 1406 denuntiant:
928 1349 972 1405 fis·

130 1448 193 1485 sum
215 1428 354 1485 familiare
378 1437 408 1485 et
428 1428 513 1486 vitale
534 1435 676 1486 tractant:
706 1437 792 1505 caput
813 1429 914 1485 iecoris
937 1449 971 1486 ex

130 1508 211 1565 omni
232 1515 314 1584 parte
336 1508 554 1584 diligentissime
579 1509 776 1566 considerant:
803 1509 915 1567 sivero
940 1509 970 1566 id

129 1607 188 1644 non
206 1595 249 1646 est
263 1589 420 1659 inventum,
433 1588 505 1644 nihil
519 1595 624 1664 putant
640 1589 766 1646 accidere
781 1588 908 1665 potuisse
923 1589 972 1645 tri-

129 1668 209 1726 stius.
252 1667 334 1725 XIV.
378 1675 423 1725 33.
447 1668 526 1724 Haec
548 1667 691 1725 observari
712 1675 787 1726 ccrte
808 1687 867 1725 uon
888 1676 971 1746 potu·

129 1753 220 1819 erunt,
233 1755 266 1805 ut
280 1767 365 1824 supra
380 1747 472 1805 docui.
505 1746 580 1805 Sunt
591 1748 679 1824 igitur
693 1749 761 1805 artis
775 1748 899 1820 inventa,
912 1769 970 1805 non

129 1828 287 1899 vetustatis,
301 1829 324 1884 si
339 1833 381 1884 est
395 1846 440 1884 urs
454 1827 511 1885 ulla
525 1847 618 1884 rerum
633 1829 853 1904 incognitarum.
896 1830 970 1886 Cum

129 1927 224 1964 rerum
252 1917 347 1964 autem
375 1914 477 1964 natura
504 1927 589 1984 quam
618 1909 819 1985 cognationem
844 1909 971 1967 habenti

130 2007 202 2064 quae
220 1995 252 2045 ut
268 2006 326 2043 uno
343 2006 481 2044 consensu
499 1987 598 2044 iuncta
618 1988 655 2044 sit
672 1996 701 2060 et
717 1990 876 2062 continens,
894 1991 972 2068 quod

129 2067 214 2125 video
235 2066 373 2143 placuisse
394 2066 522 2144 physicis
542 2067 633 2144 iisque
654 2070 786 2141 maxime,
806 2072 855 2148 qui
877 2091 970 2142 omne,

130 2147 209 2224 quod
223 2154 304 2218 esset,
316 2166 405 2204 uuum
420 2167 481 2204 esse
495 2147 635 2219 dixerunt,
649 2149 718 2225 quid
729 2150 833 2208 habere
847 2151 972 2208 mundus

129 2234 226 2303 potest
253 2245 318 2284 cum
346 2226 471 2284 thesauri
499 2227 664 2286 inventione
693 2231 900 2289 coniunctuml
940 2232 971 2288 Si

129 2308 207 2364 enim
224 2326 259 2365 ex
275 2307 349 2364 extis
365 2308 501 2384 pecuniae
518 2306 591 2364 mihi
607 2309 794 2386 amplificatio
811 2311 973 2367 ostenditur

128 2387 216 2463 idque
226 2386 261 2443 fit
270 2393 379 2458 natura,
392 2387 518 2463 primum
532 2395 598 2445 exta
608 2397 675 2447 suut
686 2389 839 2445 coniuncta
852 2390 970 2460 mundo,

129 2467 234 2524 deinde
267 2486 364 2524 meum
392 2467 502 2524 lucrum
539 2476 642 2526 natura
674 2487 769 2525 rerum
799 2470 969 2526 continetur.

129 2547 234 2604 Nonne
251 2547 341 2623 pudet
357 2546 492 2623 physicos
508 2547 578 2605 haec
600 2548 711 2604 dicerel
752 2547 796 2606 Ut
817 2549 892 2604 enim
913 2549 971 2605 iam

129 2626 167 2683 sit
181 2626 275 2703 aliqua
291 2627 320 2683 in
337 2633 439 2684 natura
455 2648 548 2685 rerum
567 2629 710 2704 contagio,
727 2647 813 2704 quam
829 2647 890 2685 esse
907 2647 972 2684 con-

128 2706 215 2764 cedo:
237 2706 328 2763 multa
344 2707 422 2764 enim
439 2707 530 2764 Stoici
547 2707 703 2784 colligunt:
727 2727 794 2764 nam
816 2715 845 2764 et
861 2727 972 2764 muscu-

128 2785 223 2842 lorum
241 2785 382 2844 iecuscula
402 2787 504 2844 bruma
524 2787 659 2845 dicuntur
679 2789 777 2864 augeri
798 2793 827 2845 et
843 2787 971 2863 puleium

128 2865 240 2922 aridum
259 2864 406 2924 florescere
423 2867 545 2923 brumali
559 2868 623 2944 ipso
640 2868 687 2924 die
704 2876 733 2924 et
746 2866 859 2925 inflatas
876 2869 971 2944 rumpi

128 2945 266 3002 vesiculas
283 2953 312 3003 et
329 2947 441 3003 semina
453 2946 603 3017 malorum,
619 2967 695 3024 quae
708 2949 737 3004 iu
755 2948 790 3004 iis
811 2947 913 3004 mediis
931 2948 971 3003 in·

128 3025 207 3082 clusa
221 3026 287 3096 sint,
300 3026 329 3082 in
345 3025 500 3082 contrarias
513 3033 608 3102 partes
625 3046 654 3083 se
669 3035 784 3097 vertere,
797 3027 854 3083 iam
869 3046 970 3084 nervos

128 3105 158 3162 iu
169 3104 276 3162 fidibus
290 3104 353 3162 aliis
363 3105 452 3181 pulsis
466 3125 596 3162 resonare
608 3106 686 3176 alios,
699 3107 854 3183 ostreisque
866 3113 894 3163 et
905 3125 970 3162 con·

128 3185 233 3262 chyliis
250 3185 384 3243 omnibus
401 3184 566 3260 contingere
583 3192 616 3241 ut
632 3204 695 3242 cum
712 3184 779 3242 luna
792 3186 898 3258 pariter
914 3203 968 3242 cre-
