2224 3446
128 119 191 188 ,aaa
403 117 452 166 Du
470 115 719 167 nrvrrrarronn.

142 236 255 275 necesse
279 223 322 274 est
343 217 428 275 fateri
448 217 553 293 partim
574 217 677 274 horum
703 237 796 275 errore
821 224 984 295 susceptum

142 317 210 368 esse,
220 297 325 373 partim
343 297 554 373 superstitione,
563 297 655 354 multa
668 297 814 354 fallendol
854 298 916 355 XL.
932 299 986 356 Aa

142 396 197 453 que
213 377 259 434 his
280 375 530 453 superstitionibus
546 389 606 433 non
623 376 762 434 dubitasti
779 378 865 434 ctiam
888 379 986 436 omina

141 457 304 533 adiungere.
336 456 461 513 Aemilia
475 456 577 514 Paullo
591 456 708 513 Persam
723 457 837 533 perisse,
848 458 927 534 quod
937 477 987 534 pa·

140 543 185 594 ter
206 555 291 593 omen
312 536 438 611 accepit:
461 535 585 593 Caecilia
605 537 710 593 sororis
726 535 801 594 filiae
823 538 903 594 sedes
920 557 987 594 suas

141 615 261 673 tradere.
305 615 366 672 Iam
381 615 430 672 illa
444 616 461 642 ‘⁶
472 615 574 673 Favete
588 615 694 692 linguis
704 615 720 642 ''
739 624 768 673 et
786 616 803 644 ‘⁶
813 618 987 694 praerogati-

141 715 206 752 vam
224 714 308 752 omen
326 695 536 766 comitiorurn,'’
552 695 607 752 hoc
624 702 675 766 est,
688 695 783 772 ipsum
804 715 864 754 esse
885 704 988 754 contra

141 794 171 832 se
187 775 335 851 copiosum
355 782 384 832 et
401 775 546 832 disertum.
590 773 712 843 Quando
730 777 806 833 enim
824 775 872 833 illa
891 776 987 834 obser-

141 874 210 911 vans
227 854 326 931 quieto
343 861 373 912 et
389 854 478 912 libero
498 856 594 912 animo
616 875 676 913 esse
692 856 809 932 poteris,
821 863 855 913 ut
870 855 907 913 ad
923 875 986 913 rem

140 935 295 1010 gerendam
316 953 374 991 non
397 935 630 1011 superstitionem
646 934 760 1004 habeas,
773 936 822 992 sed
843 936 985 993 rationem

141 1014 263 1071 duceml
303 1013 403 1072 Itane?
444 1014 476 1073 Si
491 1015 554 1093 quis
569 1014 678 1092 aliquid
692 1035 726 1073 ex
741 1035 792 1072 sua
805 1035 835 1073 re
849 1024 935 1093 atque
949 1036 986 1074 ex

141 1113 193 1150 suo
208 1113 338 1151 sermone
355 1094 460 1151 dixerit
474 1103 503 1152 et
517 1095 578 1152 eius
592 1094 709 1152 verbum
728 1095 845 1172 aliquod
859 1103 925 1172 apte
942 1115 987 1153 ce-

141 1174 243 1231 ciderit
257 1173 294 1231 ad
308 1174 346 1244 id,
358 1175 437 1251 quod
451 1194 518 1251 ages
535 1182 585 1232 aut
599 1175 748 1252 cogitabis,
759 1195 792 1232 ea
808 1194 853 1232 res
866 1175 921 1233 tibi
934 1183 986 1234 aut

140 1254 275 1311 timorem
290 1254 400 1311 adferet
414 1262 464 1312 aut
478 1255 671 1312 alacritateml
703 1260 749 1313 84.
766 1255 840 1312 Cum
855 1255 893 1314 M.
905 1255 986 1314 Cras

141 1353 189 1390 sus
206 1335 362 1391 exercitum
378 1333 527 1391 andisii
541 1330 711 1411 imponeret,
722 1335 838 1411 quidam
854 1337 883 1392 in
898 1344 985 1413 portu

141 1415 246 1472 caricas
257 1414 358 1471 Cauno
369 1414 501 1472 advectas
511 1415 638 1472 vendens
649 1416 666 1442 ‘⁴
676 1415 806 1472 Cauneas
816 1415 844 1474 !’'
860 1416 986 1473 clamita·

141 1493 199 1551 bat.
241 1493 387 1565 Dicamus,
404 1494 428 1551 si
445 1494 546 1572 placet,
559 1496 703 1552 monitum
725 1495 761 1552 ab
785 1514 819 1552 eo
840 1496 984 1566 Crassum,

142 1581 284 1631 caveret
301 1593 339 1630 ne
357 1575 437 1632 iret:
456 1594 514 1631 non
524 1575 615 1632 fnisse
625 1575 792 1652 periturum,
801 1575 826 1632 si
836 1576 926 1632 omini
938 1595 986 1652 pa-

141 1655 251 1710 ruisset.
298 1653 377 1722 Quae
403 1655 427 1711 si
447 1655 737 1731 suscipianrus,pedis
758 1656 879 1712 offensio
901 1656 986 1712 nobis

142 1740 171 1790 et
187 1733 320 1810 abruptio
342 1734 479 1810 corrigiae
500 1742 530 1792 et
547 1741 772 1792 sternutamenta
792 1743 876 1792 erunt
893 1736 987 1793 obser·

141 1813 242 1870 venda

182 1892 259 1951 XLI.
276 1892 373 1951 Sortes
388 1901 496 1952 rest-ant
510 1901 539 1952 et
553 1894 698 1966 Chaldaei,
709 1900 742 1952 nt
756 1895 793 1953 ad
803 1901 882 1953 vates
892 1895 986 1954 venia-

141 1993 207 2029 mus
228 1980 257 2030 et
277 1973 314 2031 ad
331 1975 461 2032 somnia·
493 1980 539 2032 85.
557 1974 722 2032 Dicendum
738 1975 828 2052 igitur
843 1982 928 2052 putas
949 1975 985 2032 de

143 2051 275 2110 sortibus.
318 2051 395 2120 Quid
410 2054 486 2110 enirn
502 2073 562 2112 sors
576 2056 637 2112 esti
679 2055 759 2112 Idem
774 2055 985 2132 propemodum

143 2132 221 2209 quod
236 2132 349 2204 micare,
361 2133 440 2210 quod
453 2134 527 2191 talos
541 2135 639 2196 iacere.
650 2135 729 2211 quod
743 2143 870 2206 tesseras,
882 2135 986 2212 quibus

143 2213 173 2269 iu
190 2212 274 2270 rebus
291 2214 436 2270 temeritas
453 2220 482 2270 et
499 2233 587 2284 casus,
600 2234 658 2270 non
675 2215 748 2272 ratio
765 2235 818 2272 nec
834 2215 985 2272 consilium

144 2292 226 2350 valet.
261 2293 335 2350 Tota
349 2313 393 2351 res
407 2301 450 2351 cst
460 2295 576 2351 inventa
586 2295 706 2351 fallaciis
721 2294 821 2352 autad
836 2302 986 2372 quaestum

143 2379 193 2429 aut
207 2373 245 2430 ad
258 2374 491 2450 superstitionem
506 2381 556 2432 aut
570 2374 607 2432 ad
620 2393 751 2432 errorem.
794 2374 891 2452 Atque
910 2383 941 2431 ut
955 2375 985 2431 in

144 2452 325 2530 haruspicina
338 2453 468 2524 fecimus,
481 2455 520 2512 sie
535 2454 682 2511 videamus
695 2455 914 2512 clarissimarum
929 2474 987 2511 sor-

144 2533 218 2589 tium
233 2552 305 2610 quae
320 2534 447 2590 tradatur
460 2534 597 2591 inventio.
639 2534 809 2591 Numerium
824 2533 986 2592 Suffucium

144 2611 396 2670 Praenestinomm
409 2621 598 2670 monumenta
609 2613 761 2684 declarant,
772 2614 925 2671 honestum
935 2613 988 2670 ho·

144 2692 252 2749 minem
269 2699 298 2749 et
312 2692 448 2763 nobilem,
461 2693 580 2750 somniis
596 2693 710 2764 crebris,
722 2694 759 2750 ad
773 2701 932 2751 extremum
946 2701 986 2752 et·

144 2770 201 2826 iam
222 2772 389 2841 minacibus,
401 2791 466 2829 curn
487 2772 632 2830 iuberetur
652 2775 773 2830 certain
792 2774 855 2832 loco
877 2774 985 2831 silicem

144 2850 268 2922 caedere,
278 2852 460 2928 perterritum
474 2853 542 2909 visis
555 2852 740 2910 irridentibus
757 2854 815 2912 suis
832 2852 942 2911 civibus
956 2853 987 2911 id

144 2947 227 3004 agere
241 2931 384 3006 coepisse:
406 2932 502 3008 itaque
516 2932 659 3007 perfracto
674 2952 741 2989 saxo
757 2941 846 2991 sortes
860 2934 987 3012 erupisse

145 3008 175 3063 in
191 3009 293 3066 robore
310 3010 466 3086 insculptas
482 3012 637 3087 priscarum
652 3011 811 3070 litterarum
829 3014 914 3071 notis.
957 3014 987 3071 Is

144 3093 188 3143 est
201 3086 288 3145 hodie
305 3088 384 3146 locus
399 3097 513 3167 saeptus
526 3091 658 3166 religiose
672 3099 790 3170 propter
805 3092 881 3150 lovis
895 3094 985 3170 pueri,

146 3165 195 3240 qui
209 3165 316 3224 lactens
333 3187 398 3225 cum
417 3169 526 3226 Iunone
541 3169 683 3228 Fortunae
700 3172 730 3229 in
747 3174 857 3248 gremio
875 3174 986 3245 sedens,
