<?xml version="1.0" encoding="UTF-8"?>
<!DOCTYPE html PUBLIC "-//W3C//DTD XHTML 1.0 Transitional//EN"
    "http://www.w3.org/TR/xhtml1/DTD/xhtml1-transitional.dtd">
<html xmlns="http://www.w3.org/1999/xhtml" xml:lang="en" lang="en">
 <head>
  <title>
</title>
<meta http-equiv="Content-Type" content="text/html;charset=utf-8" />
  <meta name='ocr-system' content='tesseract 3.04.00' />
  <meta name='ocr-capabilities' content='ocr_page ocr_carea ocr_par ocr_line ocrx_word'/>
</head>
<body>
  <div class='ocr_page' id='page_1' title='image "./mtulliiciceroni106cicegoog/mtulliiciceroni106cicegoog_0014.png"; bbox 0 0 2220 3432; ppageno 0'>
   <div class='ocr_carea' id='block_1_1' title="bbox 440 129 995 180">
    <p class='ocr_par' dir='ltr' id='par_1_1' title="bbox 440 129 995 180">
     <span class='ocr_line' id='line_1_1' title="bbox 440 129 995 180; baseline -0.002 -1"><span class='ocrx_word' id='word_1_1' title='bbox 440 129 706 180; x_wconf 81' lang='lat' dir='ltr'>ARGUMENTUM.</span> <span class='ocrx_word' id='word_1_2' title='bbox 979 133 995 178; x_wconf 88' lang='lat'><strong>3</strong></span> 
     </span>
    </p>
   </div>
   <div class='ocr_carea' id='block_1_2' title="bbox 148 229 998 1142">
    <p class='ocr_par' dir='ltr' id='par_1_2' title="bbox 148 229 998 1142">
     <span class='ocr_line' id='line_1_2' title="bbox 148 229 996 295; baseline -0.005 -13"><span class='ocrx_word' id='word_1_3' title='bbox 148 233 256 295; x_wconf 70' lang='lat' dir='ltr'>¹deorum</span> <span class='ocrx_word' id='word_1_4' title='bbox 273 245 322 279; x_wconf 92' lang='lat' dir='ltr'>uon</span> <span class='ocrx_word' id='word_1_5' title='bbox 337 230 479 290; x_wconf 85' lang='lat' dir='ltr'>habeamus,</span> <span class='ocrx_word' id='word_1_6' title='bbox 490 229 580 279; x_wconf 87' lang='lat' dir='ltr'>deiude</span> <span class='ocrx_word' id='word_1_7' title='bbox 596 229 662 292; x_wconf 87' lang='lat' dir='ltr'>quod</span> <span class='ocrx_word' id='word_1_8' title='bbox 677 231 786 278; x_wconf 86' lang='lat' dir='ltr'>humana</span> <span class='ocrx_word' id='word_1_9' title='bbox 799 231 880 278; x_wconf 83' lang='lat' dir='ltr'>forma</span> <span class='ocrx_word' id='word_1_10' title='bbox 897 231 929 278; x_wconf 89' lang='lat' dir='ltr'>sit</span> <span class='ocrx_word' id='word_1_11' title='bbox 941 231 996 292; x_wconf 93' lang='lat' dir='ltr'>pul-</span> 
     </span>
     <span class='ocr_line' id='line_1_3' title="bbox 152 295 996 358; baseline -0.004 -11"><span class='ocrx_word' id='word_1_12' title='bbox 152 298 281 355; x_wconf 85' lang='lat' dir='ltr'>cherrima,</span> <span class='ocrx_word' id='word_1_13' title='bbox 293 296 365 345; x_wconf 91' lang='lat' dir='ltr'>tertio</span> <span class='ocrx_word' id='word_1_14' title='bbox 377 296 444 358; x_wconf 90' lang='lat' dir='ltr'>quod</span> <span class='ocrx_word' id='word_1_15' title='bbox 456 296 480 343; x_wconf 90' lang='lat' dir='ltr'>in</span> <span class='ocrx_word' id='word_1_16' title='bbox 493 296 542 343; x_wconf 90' lang='lat' dir='ltr'>alia</span> <span class='ocrx_word' id='word_1_17' title='bbox 555 295 623 344; x_wconf 86' lang='lat' dir='ltr'>nulla</span> <span class='ocrx_word' id='word_1_18' title='bbox 636 295 717 356; x_wconf 81' lang='lat' dir='ltr'>figura</span> <span class='ocrx_word' id='word_1_19' title='bbox 734 296 886 344; x_wconf 84' lang='lat' dir='ltr'>domicilium</span> <span class='ocrx_word' id='word_1_20' title='bbox 904 298 996 344; x_wconf 89' lang='lat' dir='ltr'>mentis</span> 
     </span>
     <span class='ocr_line' id='line_1_4' title="bbox 151 360 995 425; baseline -0.006 -11"><span class='ocrx_word' id='word_1_21' title='bbox 151 379 205 414; x_wconf 89' lang='lat' dir='ltr'>esse</span> <span class='ocrx_word' id='word_1_22' title='bbox 214 363 299 425; x_wconf 87' lang='lat' dir='ltr'>possit.</span> <span class='ocrx_word' id='word_1_23' title='bbox 327 362 416 424; x_wconf 81' lang='lat' dir='ltr'>Neque</span> <span class='ocrx_word' id='word_1_24' title='bbox 426 371 508 410; x_wconf 84' lang='lat' dir='ltr'>tamen</span> <span class='ocrx_word' id='word_1_25' title='bbox 517 376 573 410; x_wconf 86' lang='lat' dir='ltr'>eam</span> <span class='ocrx_word' id='word_1_26' title='bbox 584 362 690 422; x_wconf 89' lang='lat' dir='ltr'>speciem</span> <span class='ocrx_word' id='word_1_27' title='bbox 700 377 789 424; x_wconf 90' lang='lat' dir='ltr'>corpus</span> <span class='ocrx_word' id='word_1_28' title='bbox 798 375 859 420; x_wconf 87' lang='lat' dir='ltr'>esse,</span> <span class='ocrx_word' id='word_1_29' title='bbox 870 360 913 408; x_wconf 87' lang='lat' dir='ltr'>sed</span> <span class='ocrx_word' id='word_1_30' title='bbox 925 363 995 423; x_wconf 86' lang='lat' dir='ltr'>quasi</span> 
     </span>
     <span class='ocr_line' id='line_1_5' title="bbox 152 426 996 491; baseline -0.004 -13"><span class='ocrx_word' id='word_1_31' title='bbox 152 444 249 491; x_wconf 90' lang='lat' dir='ltr'>corpus,</span> <span class='ocrx_word' id='word_1_32' title='bbox 259 442 365 489; x_wconf 85' lang='lat' dir='ltr'>eamque</span> <span class='ocrx_word' id='word_1_33' title='bbox 374 441 422 474; x_wconf 90' lang='lat' dir='ltr'>nou</span> <span class='ocrx_word' id='word_1_34' title='bbox 435 442 515 484; x_wconf 85' lang='lat' dir='ltr'>sensu,</span> <span class='ocrx_word' id='word_1_35' title='bbox 527 427 569 474; x_wconf 89' lang='lat' dir='ltr'>sed</span> <span class='ocrx_word' id='word_1_36' title='bbox 579 435 663 474; x_wconf 89' lang='lat' dir='ltr'>mente</span> <span class='ocrx_word' id='word_1_37' title='bbox 672 427 748 487; x_wconf 84' lang='lat' dir='ltr'>cerui,</span> <span class='ocrx_word' id='word_1_38' title='bbox 759 441 804 475; x_wconf 89' lang='lat' dir='ltr'>nec</span> <span class='ocrx_word' id='word_1_39' title='bbox 814 426 939 474; x_wconf 81' lang='lat' dir='ltr'>soliditate</span> <span class='ocrx_word' id='word_1_40' title='bbox 950 442 996 475; x_wconf 87' lang='lat' dir='ltr'>uec</span> 
     </span>
     <span class='ocr_line' id='line_1_6' title="bbox 152 492 996 552; baseline -0.006 -9"><span class='ocrx_word' id='word_1_41' title='bbox 152 495 185 543; x_wconf 88' lang='lat' dir='ltr'>ad</span> <span class='ocrx_word' id='word_1_42' title='bbox 199 508 336 552; x_wconf 88' lang='lat' dir='ltr'>numerum,</span> <span class='ocrx_word' id='word_1_43' title='bbox 347 492 391 540; x_wconf 89' lang='lat' dir='ltr'>sed</span> <span class='ocrx_word' id='word_1_44' title='bbox 405 492 553 552; x_wconf 82' lang='lat' dir='ltr'>imaginibus</span> <span class='ocrx_word' id='word_1_45' title='bbox 568 492 730 539; x_wconf 73' lang='lat' dir='ltr'>similitudine</span> <span class='ocrx_word' id='word_1_46' title='bbox 744 503 768 540; x_wconf 87' lang='lat' dir='ltr'>et</span> <span class='ocrx_word' id='word_1_47' title='bbox 783 492 928 540; x_wconf 74' lang='lat' dir='ltr'>transitione</span> <span class='ocrx_word' id='word_1_48' title='bbox 942 506 996 552; x_wconf 90' lang='lat' dir='ltr'>per-</span> 
     </span>
     <span class='ocr_line' id='line_1_7' title="bbox 152 557 996 622; baseline -0.005 -14"><span class='ocrx_word' id='word_1_49' title='bbox 152 559 238 622; x_wconf 86' lang='lat' dir='ltr'>ceptis.</span> <span class='ocrx_word' id='word_1_50' title='bbox 276 558 362 604; x_wconf 82' lang='lat' dir='ltr'>Vitam</span> <span class='ocrx_word' id='word_1_51' title='bbox 376 567 460 606; x_wconf 88' lang='lat' dir='ltr'>antern</span> <span class='ocrx_word' id='word_1_52' title='bbox 474 557 577 604; x_wconf 89' lang='lat' dir='ltr'>deorum</span> <span class='ocrx_word' id='word_1_53' title='bbox 595 572 648 605; x_wconf 86' lang='lat' dir='ltr'>esse</span> <span class='ocrx_word' id='word_1_54' title='bbox 665 557 832 605; x_wconf 83' lang='lat' dir='ltr'>beatissimam</span> <span class='ocrx_word' id='word_1_55' title='bbox 847 567 871 605; x_wconf 88' lang='lat' dir='ltr'>at</span> <span class='ocrx_word' id='word_1_56' title='bbox 882 557 996 604; x_wconf 87' lang='lat' dir='ltr'>omnihus</span> 
     </span>
     <span class='ocr_line' id='line_1_8' title="bbox 152 622 997 683; baseline -0.004 -10"><span class='ocrx_word' id='word_1_57' title='bbox 152 625 224 673; x_wconf 91' lang='lat' dir='ltr'>bonis</span> <span class='ocrx_word' id='word_1_58' title='bbox 235 623 402 672; x_wconf 86' lang='lat' dir='ltr'>adfluentem:</span> <span class='ocrx_word' id='word_1_59' title='bbox 421 623 483 670; x_wconf 91' lang='lat' dir='ltr'>nihil</span> <span class='ocrx_word' id='word_1_60' title='bbox 497 622 564 670; x_wconf 85' lang='lat' dir='ltr'>enim</span> <span class='ocrx_word' id='word_1_61' title='bbox 578 637 658 682; x_wconf 85' lang='lat' dir='ltr'>agere,</span> <span class='ocrx_word' id='word_1_62' title='bbox 671 639 715 670; x_wconf 87' lang='lat' dir='ltr'>sna</span> <span class='ocrx_word' id='word_1_63' title='bbox 729 624 818 670; x_wconf 72' lang='lat' dir='ltr'>virtute</span> <span class='ocrx_word' id='word_1_64' title='bbox 835 633 861 670; x_wconf 85' lang='lat' dir='ltr'>ct</span> <span class='ocrx_word' id='word_1_65' title='bbox 875 623 997 683; x_wconf 87' lang='lat' dir='ltr'>supientia</span> 
     </span>
     <span class='ocr_line' id='line_1_9' title="bbox 152 687 997 751; baseline -0.004 -13"><span class='ocrx_word' id='word_1_66' title='bbox 152 690 260 751; x_wconf 86' lang='lat' dir='ltr'>gaudere</span> <span class='ocrx_word' id='word_1_67' title='bbox 272 699 297 737; x_wconf 90' lang='lat' dir='ltr'>et</span> <span class='ocrx_word' id='word_1_68' title='bbox 309 689 398 736; x_wconf 87' lang='lat' dir='ltr'>habere</span> <span class='ocrx_word' id='word_1_69' title='bbox 409 687 566 750; x_wconf 86' lang='lat' dir='ltr'>exploratum</span> <span class='ocrx_word' id='word_1_70' title='bbox 579 688 632 735; x_wconf 84' lang='lat' dir='ltr'>lore</span> <span class='ocrx_word' id='word_1_71' title='bbox 643 702 669 734; x_wconf 87' lang='lat' dir='ltr'>se</span> <span class='ocrx_word' id='word_1_72' title='bbox 681 703 776 749; x_wconf 83' lang='lat' dir='ltr'>semper</span> <span class='ocrx_word' id='word_1_73' title='bbox 788 689 812 734; x_wconf 91' lang='lat' dir='ltr'>iu</span> <span class='ocrx_word' id='word_1_74' title='bbox 826 688 942 735; x_wconf 85' lang='lat' dir='ltr'>nraximis</span> <span class='ocrx_word' id='word_1_75' title='bbox 954 703 997 735; x_wconf 81' lang='lat' dir='ltr'>ro·</span> 
     </span>
     <span class='ocr_line' id='line_1_10' title="bbox 152 752 996 818; baseline -0.004 -15"><span class='ocrx_word' id='word_1_76' title='bbox 152 755 297 818; x_wconf 87' lang='lat' dir='ltr'>luptatibus‚</span> <span class='ocrx_word' id='word_1_77' title='bbox 308 769 361 814; x_wconf 86' lang='lat' dir='ltr'>cap.</span> <span class='ocrx_word' id='word_1_78' title='bbox 374 755 461 814; x_wconf 77' lang='lat'>18-20,</span> <span class='ocrx_word' id='word_1_79' title='bbox 473 752 487 810; x_wconf 82' lang='lat'>§</span> <span class='ocrx_word' id='word_1_80' title='bbox 499 754 588 801; x_wconf 77' lang='lat' dir='ltr'>tit-56.</span> <span class='ocrx_word' id='word_1_81' title='bbox 627 753 674 800; x_wconf 85' lang='lat' dir='ltr'>llis</span> <span class='ocrx_word' id='word_1_82' title='bbox 686 754 805 815; x_wconf 86' lang='lat' dir='ltr'>expositis</span> <span class='ocrx_word' id='word_1_83' title='bbox 817 763 903 800; x_wconf 86' lang='lat' dir='ltr'>contra</span> <span class='ocrx_word' id='word_1_84' title='bbox 914 753 996 813; x_wconf 88' lang='lat' dir='ltr'>dispu-</span> 
     </span>
     <span class='ocr_line' id='line_1_11' title="bbox 152 817 997 881; baseline -0.005 -12"><span class='ocrx_word' id='word_1_85' title='bbox 152 830 191 869; x_wconf 87' lang='lat' dir='ltr'>tat</span> <span class='ocrx_word' id='word_1_86' title='bbox 204 821 287 880; x_wconf 87' lang='lat' dir='ltr'>Cotta,</span> <span class='ocrx_word' id='word_1_87' title='bbox 298 834 347 867; x_wconf 91' lang='lat' dir='ltr'>non</span> <span class='ocrx_word' id='word_1_88' title='bbox 364 828 391 867; x_wconf 91' lang='lat' dir='ltr'>ut</span> <span class='ocrx_word' id='word_1_89' title='bbox 405 819 497 881; x_wconf 91' lang='lat' dir='ltr'>aliquid</span> <span class='ocrx_word' id='word_1_90' title='bbox 515 819 566 880; x_wconf 85' lang='lat' dir='ltr'>ipse</span> <span class='ocrx_word' id='word_1_91' title='bbox 580 818 703 873; x_wconf 83' lang='lat' dir='ltr'>decernat,</span> <span class='ocrx_word' id='word_1_92' title='bbox 712 817 756 866; x_wconf 87' lang='lat' dir='ltr'>sed</span> <span class='ocrx_word' id='word_1_93' title='bbox 770 829 797 866; x_wconf 87' lang='lat' dir='ltr'>nt</span> <span class='ocrx_word' id='word_1_94' title='bbox 810 819 931 880; x_wconf 88' lang='lat' dir='ltr'>Epicurea</span> <span class='ocrx_word' id='word_1_95' title='bbox 947 819 997 865; x_wconf 90' lang='lat' dir='ltr'>dis-</span> 
     </span>
     <span class='ocr_line' id='line_1_12' title="bbox 153 883 997 947; baseline -0.002 -13"><span class='ocrx_word' id='word_1_96' title='bbox 153 887 331 947; x_wconf 70' lang='lat' dir='ltr'>salvataeque</span> <span class='ocrx_word' id='word_1_97' title='bbox 343 884 410 947; x_wconf 88' lang='lat' dir='ltr'>quod</span> <span class='ocrx_word' id='word_1_98' title='bbox 424 893 497 944; x_wconf 82' lang='lat' dir='ltr'>neget</span> <span class='ocrx_word' id='word_1_99' title='bbox 509 899 562 932; x_wconf 88' lang='lat' dir='ltr'>esse</span> <span class='ocrx_word' id='word_1_100' title='bbox 576 884 643 943; x_wconf 88' lang='lat' dir='ltr'>deos,</span> <span class='ocrx_word' id='word_1_101' title='bbox 656 883 698 931; x_wconf 89' lang='lat' dir='ltr'>sed</span> <span class='ocrx_word' id='word_1_102' title='bbox 712 883 778 945; x_wconf 87' lang='lat' dir='ltr'>quod</span> <span class='ocrx_word' id='word_1_103' title='bbox 792 884 922 944; x_wconf 89' lang='lat' dir='ltr'>rationem,</span> <span class='ocrx_word' id='word_1_104' title='bbox 933 899 997 945; x_wconf 85' lang='lat' dir='ltr'>quae</span> 
     </span>
     <span class='ocr_line' id='line_1_13' title="bbox 153 949 997 1012; baseline -0.004 -13"><span class='ocrx_word' id='word_1_105' title='bbox 153 950 395 1008; x_wconf 81' lang='lat' dir='ltr'>adferatur,fitrnum</span> <span class='ocrx_word' id='word_1_106' title='bbox 415 965 464 998; x_wconf 87' lang='lat' dir='ltr'>uon</span> <span class='ocrx_word' id='word_1_107' title='bbox 482 958 559 1012; x_wconf 90' lang='lat' dir='ltr'>putet.</span> <span class='ocrx_word' id='word_1_108' title='bbox 598 949 665 996; x_wconf 90' lang='lat' dir='ltr'>Nam</span> <span class='ocrx_word' id='word_1_109' title='bbox 686 959 866 1009; x_wconf 80' lang='lat' dir='ltr'>argumentum,</span> <span class='ocrx_word' id='word_1_110' title='bbox 882 949 948 1012; x_wconf 90' lang='lat' dir='ltr'>quod</span> <span class='ocrx_word' id='word_1_111' title='bbox 965 949 997 996; x_wconf 94' lang='lat' dir='ltr'>ab</span> 
     </span>
     <span class='ocr_line' id='line_1_14' title="bbox 153 1014 997 1077; baseline -0.002 -13"><span class='ocrx_word' id='word_1_112' title='bbox 153 1017 264 1065; x_wconf 89' lang='lat' dir='ltr'>omnium</span> <span class='ocrx_word' id='word_1_113' title='bbox 283 1016 411 1064; x_wconf 92' lang='lat' dir='ltr'>hominum</span> <span class='ocrx_word' id='word_1_114' title='bbox 430 1029 552 1066; x_wconf 90' lang='lat' dir='ltr'>consensu</span> <span class='ocrx_word' id='word_1_115' title='bbox 571 1023 677 1077; x_wconf 84' lang='lat' dir='ltr'>petatur,</span> <span class='ocrx_word' id='word_1_116' title='bbox 690 1031 747 1062; x_wconf 93' lang='lat' dir='ltr'>cum</span> <span class='ocrx_word' id='word_1_117' title='bbox 764 1014 816 1062; x_wconf 89' lang='lat' dir='ltr'>leve</span> <span class='ocrx_word' id='word_1_118' title='bbox 836 1029 879 1075; x_wconf 90' lang='lat' dir='ltr'>per</span> <span class='ocrx_word' id='word_1_119' title='bbox 899 1031 926 1062; x_wconf 92' lang='lat' dir='ltr'>se</span> <span class='ocrx_word' id='word_1_120' title='bbox 943 1023 997 1062; x_wconf 90' lang='lat' dir='ltr'>tum</span> 
     </span>
     <span class='ocr_line' id='line_1_15' title="bbox 153 1079 998 1142; baseline -0.004 -12"><span class='ocrx_word' id='word_1_121' title='bbox 153 1083 228 1130; x_wconf 85' lang='lat' dir='ltr'>etiam</span> <span class='ocrx_word' id='word_1_122' title='bbox 240 1082 329 1129; x_wconf 88' lang='lat' dir='ltr'>falsum</span> <span class='ocrx_word' id='word_1_123' title='bbox 341 1096 402 1141; x_wconf 88' lang='lat' dir='ltr'>csse,</span> <span class='ocrx_word' id='word_1_124' title='bbox 412 1096 464 1142; x_wconf 85' lang='lat' dir='ltr'>cap.</span> <span class='ocrx_word' id='word_1_125' title='bbox 476 1083 565 1140; x_wconf 76' lang='lat'>21-23,</span> <span class='ocrx_word' id='word_1_126' title='bbox 576 1080 689 1139; x_wconf 79' lang='lat' dir='ltr'>§tt-ut.</span> <span class='ocrx_word' id='word_1_127' title='bbox 717 1079 766 1129; x_wconf 84' lang='lat' dir='ltr'>Sed</span> <span class='ocrx_word' id='word_1_128' title='bbox 778 1081 836 1128; x_wconf 88' lang='lat' dir='ltr'>deos</span> <span class='ocrx_word' id='word_1_129' title='bbox 846 1095 899 1128; x_wconf 84' lang='lat' dir='ltr'>esse</span> <span class='ocrx_word' id='word_1_130' title='bbox 910 1095 998 1128; x_wconf 91' lang='lat' dir='ltr'>conce-</span> 
     </span>
    </p>
   </div>
   <div class='ocr_carea' id='block_1_3' title="bbox 153 1145 1040 1210">
    <p class='ocr_par' dir='ltr' id='par_1_3' title="bbox 153 1145 1040 1210">
     <span class='ocr_line' id='line_1_16' title="bbox 153 1145 1040 1210; baseline -0.006 -14"><span class='ocrx_word' id='word_1_131' title='bbox 153 1148 179 1196; x_wconf 94' lang='lat' dir='ltr'>di</span> <span class='ocrx_word' id='word_1_132' title='bbox 191 1162 276 1210; x_wconf 87' lang='lat' dir='ltr'>posse:</span> <span class='ocrx_word' id='word_1_133' title='bbox 294 1146 354 1194; x_wconf 92' lang='lat' dir='ltr'>illud</span> <span class='ocrx_word' id='word_1_134' title='bbox 366 1147 448 1194; x_wconf 87' lang='lat' dir='ltr'>doceri</span> <span class='ocrx_word' id='word_1_135' title='bbox 460 1161 486 1193; x_wconf 87' lang='lat' dir='ltr'>se</span> <span class='ocrx_word' id='word_1_136' title='bbox 495 1145 565 1202; x_wconf 89' lang='lat' dir='ltr'>velle,</span> <span class='ocrx_word' id='word_1_137' title='bbox 576 1145 640 1194; x_wconf 88' lang='lat' dir='ltr'>undo</span> <span class='ocrx_word' id='word_1_138' title='bbox 652 1145 709 1206; x_wconf 89' lang='lat' dir='ltr'>sint,</span> <span class='ocrx_word' id='word_1_139' title='bbox 720 1147 762 1193; x_wconf 89' lang='lat' dir='ltr'>ubi</span> <span class='ocrx_word' id='word_1_140' title='bbox 774 1146 830 1204; x_wconf 86' lang='lat' dir='ltr'>sint,</span> <span class='ocrx_word' id='word_1_141' title='bbox 841 1145 925 1207; x_wconf 88' lang='lat' dir='ltr'>quales</span> <span class='ocrx_word' id='word_1_142' title='bbox 937 1146 994 1204; x_wconf 89' lang='lat' dir='ltr'>siat,</span> <span class='ocrx_word' id='word_1_143' title='bbox 1036 1198 1040 1206; x_wconf 35' lang='grc'><strong><em>1</em></strong></span> 
     </span>
    </p>
   </div>
   <div class='ocr_carea' id='block_1_4' title="bbox 153 1210 999 3225">
    <p class='ocr_par' dir='ltr' id='par_1_4' title="bbox 153 1210 999 3225">
     <span class='ocr_line' id='line_1_17' title="bbox 153 1210 997 1275; baseline -0.002 -14"><span class='ocrx_word' id='word_1_144' title='bbox 153 1213 257 1275; x_wconf 87' lang='lat' dir='ltr'>adquae</span> <span class='ocrx_word' id='word_1_145' title='bbox 265 1213 349 1260; x_wconf 86' lang='lat' dir='ltr'>omnia</span> <span class='ocrx_word' id='word_1_146' title='bbox 360 1213 449 1260; x_wconf 90' lang='lat' dir='ltr'>atomis</span> <span class='ocrx_word' id='word_1_147' title='bbox 458 1211 526 1258; x_wconf 90' lang='lat' dir='ltr'>abuti</span> <span class='ocrx_word' id='word_1_148' title='bbox 535 1211 677 1273; x_wconf 83' lang='lat' dir='ltr'>Epicureos,</span> <span class='ocrx_word' id='word_1_149' title='bbox 687 1226 749 1273; x_wconf 87' lang='lat' dir='ltr'>qaas</span> <span class='ocrx_word' id='word_1_150' title='bbox 761 1219 834 1270; x_wconf 86' lang='lat' dir='ltr'>negat</span> <span class='ocrx_word' id='word_1_151' title='bbox 845 1211 924 1272; x_wconf 88' lang='lat' dir='ltr'>primo</span> <span class='ocrx_word' id='word_1_152' title='bbox 934 1210 997 1259; x_wconf 84' lang='lat' dir='ltr'>ullas</span> 
     </span>
     <span class='ocr_line' id='line_1_18' title="bbox 153 1275 994 1340; baseline -0.005 -14"><span class='ocrx_word' id='word_1_153' title='bbox 153 1293 216 1338; x_wconf 88' lang='lat' dir='ltr'>esse,</span> <span class='ocrx_word' id='word_1_154' title='bbox 227 1277 293 1340; x_wconf 92' lang='lat' dir='ltr'>quod</span> <span class='ocrx_word' id='word_1_155' title='bbox 306 1277 388 1324; x_wconf 91' lang='lat' dir='ltr'>nullus</span> <span class='ocrx_word' id='word_1_156' title='bbox 405 1277 438 1325; x_wconf 92' lang='lat' dir='ltr'>sit</span> <span class='ocrx_word' id='word_1_157' title='bbox 454 1277 596 1338; x_wconf 82' lang='lat' dir='ltr'>corporibus</span> <span class='ocrx_word' id='word_1_158' title='bbox 608 1291 700 1325; x_wconf 88' lang='lat' dir='ltr'>vacuus</span> <span class='ocrx_word' id='word_1_159' title='bbox 712 1276 786 1335; x_wconf 89' lang='lat' dir='ltr'>locus,</span> <span class='ocrx_word' id='word_1_160' title='bbox 795 1275 892 1336; x_wconf 89' lang='lat' dir='ltr'>deiude,</span> <span class='ocrx_word' id='word_1_161' title='bbox 903 1277 923 1323; x_wconf 90' lang='lat' dir='ltr'>si</span> <span class='ocrx_word' id='word_1_162' title='bbox 937 1277 994 1337; x_wconf 90' lang='lat' dir='ltr'>sint,</span> 
     </span>
     <span class='ocr_line' id='line_1_19' title="bbox 153 1342 997 1403; baseline -0.004 -11"><span class='ocrx_word' id='word_1_163' title='bbox 153 1344 218 1392; x_wconf 88' lang='lat' dir='ltr'>effici</span> <span class='ocrx_word' id='word_1_164' title='bbox 230 1354 257 1391; x_wconf 89' lang='lat' dir='ltr'>ut</span> <span class='ocrx_word' id='word_1_165' title='bbox 268 1343 362 1391; x_wconf 89' lang='lat' dir='ltr'>aeterni</span> <span class='ocrx_word' id='word_1_166' title='bbox 374 1342 399 1390; x_wconf 94' lang='lat' dir='ltr'>di</span> <span class='ocrx_word' id='word_1_167' title='bbox 413 1357 463 1390; x_wconf 90' lang='lat' dir='ltr'>non</span> <span class='ocrx_word' id='word_1_168' title='bbox 477 1342 528 1391; x_wconf 88' lang='lat' dir='ltr'>sint</span> <span class='ocrx_word' id='word_1_169' title='bbox 541 1351 566 1390; x_wconf 90' lang='lat' dir='ltr'>et</span> <span class='ocrx_word' id='word_1_170' title='bbox 578 1343 676 1390; x_wconf 90' lang='lat' dir='ltr'>interire</span> <span class='ocrx_word' id='word_1_171' title='bbox 688 1343 790 1403; x_wconf 82' lang='lat' dir='ltr'>possint,</span> <span class='ocrx_word' id='word_1_172' title='bbox 801 1356 850 1403; x_wconf 92' lang='lat' dir='ltr'>quo</span> <span class='ocrx_word' id='word_1_173' title='bbox 862 1342 997 1389; x_wconf 86' lang='lat' dir='ltr'>constituta</span> 
     </span>
     <span class='ocr_line' id='line_1_20' title="bbox 153 1406 997 1468; baseline -0.005 -11"><span class='ocrx_word' id='word_1_174' title='bbox 153 1409 333 1457; x_wconf 88' lang='lat' dir='ltr'>beatitudinem</span> <span class='ocrx_word' id='word_1_175' title='bbox 347 1407 449 1456; x_wconf 88' lang='lat' dir='ltr'>deorum</span> <span class='ocrx_word' id='word_1_176' title='bbox 463 1407 524 1456; x_wconf 91' lang='lat' dir='ltr'>tolli.</span> <span class='ocrx_word' id='word_1_177' title='bbox 561 1407 603 1455; x_wconf 91' lang='lat' dir='ltr'>Ad</span> <span class='ocrx_word' id='word_1_178' title='bbox 616 1407 679 1455; x_wconf 87' lang='lat' dir='ltr'>hauc</span> <span class='ocrx_word' id='word_1_179' title='bbox 691 1406 907 1468; x_wconf 84' lang='lat' dir='ltr'>reprehensionem</span> <span class='ocrx_word' id='word_1_180' title='bbox 918 1406 997 1454; x_wconf 85' lang='lat' dir='ltr'>ritau-</span> 
     </span>
     <span class='ocr_line' id='line_1_21' title="bbox 154 1472 997 1537; baseline -0.002 -15"><span class='ocrx_word' id='word_1_181' title='bbox 154 1475 214 1522; x_wconf 91' lang='lat' dir='ltr'>dam</span> <span class='ocrx_word' id='word_1_182' title='bbox 226 1475 298 1537; x_wconf 91' lang='lat' dir='ltr'>qnasi</span> <span class='ocrx_word' id='word_1_183' title='bbox 312 1488 400 1535; x_wconf 86' lang='lat' dir='ltr'>corpus</span> <span class='ocrx_word' id='word_1_184' title='bbox 412 1483 437 1520; x_wconf 89' lang='lat' dir='ltr'>et</span> <span class='ocrx_word' id='word_1_185' title='bbox 450 1473 522 1535; x_wconf 90' lang='lat' dir='ltr'>quasi</span> <span class='ocrx_word' id='word_1_186' title='bbox 540 1473 686 1532; x_wconf 86' lang='lat' dir='ltr'>sauguinem</span> <span class='ocrx_word' id='word_1_187' title='bbox 704 1472 845 1532; x_wconf 85' lang='lat' dir='ltr'>excogitata</span> <span class='ocrx_word' id='word_1_188' title='bbox 863 1487 923 1533; x_wconf 83' lang='lat' dir='ltr'>esse,</span> <span class='ocrx_word' id='word_1_189' title='bbox 935 1487 997 1534; x_wconf 75' lang='lat' dir='ltr'>quac</span> 
     </span>
     <span class='ocr_line' id='line_1_22' title="bbox 154 1536 998 1602; baseline -0.004 -15"><span class='ocrx_word' id='word_1_190' title='bbox 154 1539 214 1602; x_wconf 87' lang='lat' dir='ltr'>quid</span> <span class='ocrx_word' id='word_1_191' title='bbox 222 1541 271 1587; x_wconf 90' lang='lat' dir='ltr'>siut</span> <span class='ocrx_word' id='word_1_192' title='bbox 280 1539 404 1587; x_wconf 87' lang='lat' dir='ltr'>neminem</span> <span class='ocrx_word' id='word_1_193' title='bbox 411 1553 482 1601; x_wconf 91' lang='lat' dir='ltr'>posse</span> <span class='ocrx_word' id='word_1_194' title='bbox 490 1538 638 1597; x_wconf 75' lang='lat' dir='ltr'>intellegere,</span> <span class='ocrx_word' id='word_1_195' title='bbox 646 1553 698 1598; x_wconf 86' lang='lat' dir='ltr'>cap.</span> <span class='ocrx_word' id='word_1_196' title='bbox 710 1540 799 1596; x_wconf 72' lang='lat'>23-26,</span> <span class='ocrx_word' id='word_1_197' title='bbox 807 1536 821 1595; x_wconf 59' lang='grc' dir='ltr'><strong>ᾗ</strong></span> <span class='ocrx_word' id='word_1_198' title='bbox 830 1539 918 1586; x_wconf 76' lang='lat'>65-74.</span> <span class='ocrx_word' id='word_1_199' title='bbox 938 1537 998 1596; x_wconf 79' lang='lat' dir='ltr'>Qni-</span> 
     </span>
     <span class='ocr_line' id='line_1_23' title="bbox 153 1602 998 1661; baseline -0.004 -9"><span class='ocrx_word' id='word_1_200' title='bbox 153 1607 200 1652; x_wconf 89' lang='lat' dir='ltr'>bus</span> <span class='ocrx_word' id='word_1_201' title='bbox 217 1613 301 1652; x_wconf 85' lang='lat' dir='ltr'>autern</span> <span class='ocrx_word' id='word_1_202' title='bbox 312 1604 448 1652; x_wconf 81' lang='lat' dir='ltr'>rationibus</span> <span class='ocrx_word' id='word_1_203' title='bbox 460 1603 569 1650; x_wconf 90' lang='lat' dir='ltr'>humana</span> <span class='ocrx_word' id='word_1_204' title='bbox 581 1603 661 1651; x_wconf 82' lang='lat' dir='ltr'>lomna</span> <span class='ocrx_word' id='word_1_205' title='bbox 673 1603 711 1650; x_wconf 89' lang='lat' dir='ltr'>dis</span> <span class='ocrx_word' id='word_1_206' title='bbox 726 1603 878 1661; x_wconf 85' lang='lat' dir='ltr'>adsumatur,</span> <span class='ocrx_word' id='word_1_207' title='bbox 889 1617 930 1650; x_wconf 89' lang='lat' dir='ltr'>eas</span> <span class='ocrx_word' id='word_1_208' title='bbox 942 1602 998 1649; x_wconf 91' lang='lat' dir='ltr'>uul-</span> 
     </span>
     <span class='ocr_line' id='line_1_24' title="bbox 154 1668 999 1730; baseline -0.004 -12"><span class='ocrx_word' id='word_1_209' title='bbox 154 1671 205 1718; x_wconf 86' lang='lat' dir='ltr'>lam</span> <span class='ocrx_word' id='word_1_210' title='bbox 221 1671 272 1718; x_wconf 91' lang='lat' dir='ltr'>vim</span> <span class='ocrx_word' id='word_1_211' title='bbox 291 1669 389 1718; x_wconf 89' lang='lat' dir='ltr'>habere.</span> <span class='ocrx_word' id='word_1_212' title='bbox 430 1669 496 1717; x_wconf 90' lang='lat' dir='ltr'>Nam</span> <span class='ocrx_word' id='word_1_213' title='bbox 514 1668 581 1730; x_wconf 91' lang='lat' dir='ltr'>quod</span> <span class='ocrx_word' id='word_1_214' title='bbox 600 1683 687 1716; x_wconf 90' lang='lat' dir='ltr'>omnes</span> <span class='ocrx_word' id='word_1_215' title='bbox 703 1668 755 1716; x_wconf 86' lang='lat' dir='ltr'>fere</span> <span class='ocrx_word' id='word_1_216' title='bbox 772 1668 884 1716; x_wconf 85' lang='lat' dir='ltr'>immines</span> <span class='ocrx_word' id='word_1_217' title='bbox 901 1677 999 1730; x_wconf 86' lang='lat' dir='ltr'>praeter</span> 
     </span>
     <span class='ocr_line' id='line_1_25' title="bbox 153 1733 997 1798; baseline -0.002 -14"><span class='ocrx_word' id='word_1_218' title='bbox 153 1736 291 1798; x_wconf 76' lang='lat' dir='ltr'>Aegyptios</span> <span class='ocrx_word' id='word_1_219' title='bbox 302 1745 327 1784; x_wconf 88' lang='lat' dir='ltr'>et</span> <span class='ocrx_word' id='word_1_220' title='bbox 337 1749 429 1797; x_wconf 90' lang='lat' dir='ltr'>paucas</span> <span class='ocrx_word' id='word_1_221' title='bbox 438 1735 488 1783; x_wconf 88' lang='lat' dir='ltr'>fere</span> <span class='ocrx_word' id='word_1_222' title='bbox 500 1735 561 1782; x_wconf 88' lang='lat' dir='ltr'>alius</span> <span class='ocrx_word' id='word_1_223' title='bbox 572 1743 666 1796; x_wconf 86' lang='lat' dir='ltr'>gentes,</span> <span class='ocrx_word' id='word_1_224' title='bbox 676 1749 731 1782; x_wconf 87' lang='lat' dir='ltr'>eam</span> <span class='ocrx_word' id='word_1_225' title='bbox 741 1735 844 1782; x_wconf 73' lang='lat' dir='ltr'>mimam</span> <span class='ocrx_word' id='word_1_226' title='bbox 855 1733 893 1782; x_wconf 86' lang='lat' dir='ltr'>dis</span> <span class='ocrx_word' id='word_1_227' title='bbox 905 1735 997 1794; x_wconf 82' lang='lat' dir='ltr'>cogita-</span> 
     </span>
     <span class='ocr_line' id='line_1_26' title="bbox 154 1800 996 1862; baseline 0 -14"><span class='ocrx_word' id='word_1_228' title='bbox 154 1802 222 1849; x_wconf 86' lang='lat' dir='ltr'>tione</span> <span class='ocrx_word' id='word_1_229' title='bbox 234 1801 370 1860; x_wconf 87' lang='lat' dir='ltr'>adtingant,</span> <span class='ocrx_word' id='word_1_230' title='bbox 380 1800 405 1848; x_wconf 92' lang='lat' dir='ltr'>id</span> <span class='ocrx_word' id='word_1_231' title='bbox 417 1815 467 1847; x_wconf 90' lang='lat' dir='ltr'>nou</span> <span class='ocrx_word' id='word_1_232' title='bbox 479 1815 494 1847; x_wconf 89' lang='lat' dir='ltr'>a</span> <span class='ocrx_word' id='word_1_233' title='bbox 506 1809 594 1847; x_wconf 89' lang='lat' dir='ltr'>natura</span> <span class='ocrx_word' id='word_1_234' title='bbox 605 1815 658 1848; x_wconf 88' lang='lat' dir='ltr'>esse</span> <span class='ocrx_word' id='word_1_235' title='bbox 670 1800 814 1862; x_wconf 85' lang='lat' dir='ltr'>profectum,</span> <span class='ocrx_word' id='word_1_236' title='bbox 827 1800 871 1849; x_wconf 92' lang='lat' dir='ltr'>sed</span> <span class='ocrx_word' id='word_1_237' title='bbox 885 1810 927 1848; x_wconf 88' lang='lat' dir='ltr'>aut</span> <span class='ocrx_word' id='word_1_238' title='bbox 939 1815 996 1849; x_wconf 90' lang='lat' dir='ltr'>con-</span> 
     </span>
     <span class='ocr_line' id='line_1_27' title="bbox 154 1866 996 1928; baseline 0.002 -15"><span class='ocrx_word' id='word_1_239' title='bbox 154 1866 209 1914; x_wconf 89' lang='lat' dir='ltr'>silio</span> <span class='ocrx_word' id='word_1_240' title='bbox 222 1867 330 1914; x_wconf 81' lang='lat' dir='ltr'>humanu</span> <span class='ocrx_word' id='word_1_241' title='bbox 344 1876 388 1913; x_wconf 91' lang='lat' dir='ltr'>aut</span> <span class='ocrx_word' id='word_1_242' title='bbox 405 1866 570 1928; x_wconf 79' lang='lat' dir='ltr'>superstitioni</span> <span class='ocrx_word' id='word_1_243' title='bbox 584 1881 600 1912; x_wconf 85' lang='lat' dir='ltr'>a</span> <span class='ocrx_word' id='word_1_244' title='bbox 610 1866 752 1928; x_wconf 87' lang='lat' dir='ltr'>pictoribus,</span> <span class='ocrx_word' id='word_1_245' title='bbox 763 1866 848 1928; x_wconf 75' lang='lat' dir='ltr'>podiis,</span> <span class='ocrx_word' id='word_1_246' title='bbox 861 1867 996 1915; x_wconf 74' lang='lat' dir='ltr'>artificibus</span> 
     </span>
     <span class='ocr_line' id='line_1_28' title="bbox 153 1931 995 1993; baseline 0.001 -14"><span class='ocrx_word' id='word_1_247' title='bbox 153 1931 316 1980; x_wconf 84' lang='lat' dir='ltr'>confirmatae</span> <span class='ocrx_word' id='word_1_248' title='bbox 327 1931 423 1979; x_wconf 71' lang='lat' dir='ltr'>deberit</span> <span class='ocrx_word' id='word_1_249' title='bbox 441 1945 520 1993; x_wconf 87' lang='lat' dir='ltr'>ncque</span> <span class='ocrx_word' id='word_1_250' title='bbox 529 1947 561 1978; x_wconf 90' lang='lat' dir='ltr'>ex</span> <span class='ocrx_word' id='word_1_251' title='bbox 573 1946 611 1990; x_wconf 88' lang='lat' dir='ltr'>eo,</span> <span class='ocrx_word' id='word_1_252' title='bbox 621 1932 687 1993; x_wconf 88' lang='lat' dir='ltr'>quud</span> <span class='ocrx_word' id='word_1_253' title='bbox 696 1931 834 1979; x_wconf 90' lang='lat' dir='ltr'>hominibus</span> <span class='ocrx_word' id='word_1_254' title='bbox 846 1932 907 1979; x_wconf 90' lang='lat' dir='ltr'>nihil</span> <span class='ocrx_word' id='word_1_255' title='bbox 917 1934 995 1980; x_wconf 89' lang='lat' dir='ltr'>homi-</span> 
     </span>
     <span class='ocr_line' id='line_1_29' title="bbox 154 1996 996 2058; baseline 0.004 -14"><span class='ocrx_word' id='word_1_256' title='bbox 154 2013 186 2045; x_wconf 88' lang='lat' dir='ltr'>ne</span> <span class='ocrx_word' id='word_1_257' title='bbox 197 1996 322 2058; x_wconf 86' lang='lat' dir='ltr'>pulchrius</span> <span class='ocrx_word' id='word_1_258' title='bbox 335 2011 388 2044; x_wconf 89' lang='lat' dir='ltr'>csse</span> <span class='ocrx_word' id='word_1_259' title='bbox 397 1996 516 2055; x_wconf 84' lang='lat' dir='ltr'>videatur,</span> <span class='ocrx_word' id='word_1_260' title='bbox 527 1997 643 2058; x_wconf 88' lang='lat' dir='ltr'>consequi</span> <span class='ocrx_word' id='word_1_261' title='bbox 655 2011 682 2044; x_wconf 92' lang='lat' dir='ltr'>re</span> <span class='ocrx_word' id='word_1_262' title='bbox 691 2011 748 2044; x_wconf 82' lang='lat' dir='ltr'>vera</span> <span class='ocrx_word' id='word_1_263' title='bbox 759 1997 821 2044; x_wconf 88' lang='lat' dir='ltr'>nihil</span> <span class='ocrx_word' id='word_1_264' title='bbox 833 2011 886 2046; x_wconf 89' lang='lat' dir='ltr'>esse</span> <span class='ocrx_word' id='word_1_265' title='bbox 895 1999 996 2047; x_wconf 89' lang='lat' dir='ltr'>homiue</span> 
     </span>
     <span class='ocr_line' id='line_1_30' title="bbox 154 2061 992 2124; baseline 0.004 -15"><span class='ocrx_word' id='word_1_266' title='bbox 154 2063 279 2124; x_wconf 85' lang='lat' dir='ltr'>pulchrius</span> <span class='ocrx_word' id='word_1_267' title='bbox 291 2080 296 2110; x_wconf 92' lang='lat'><strong>:</strong></span> <span class='ocrx_word' id='word_1_268' title='bbox 316 2077 365 2110; x_wconf 93' lang='lat' dir='ltr'>uon</span> <span class='ocrx_word' id='word_1_269' title='bbox 375 2061 441 2110; x_wconf 87' lang='lat' dir='ltr'>enirn</span> <span class='ocrx_word' id='word_1_270' title='bbox 451 2062 553 2109; x_wconf 88' lang='lat' dir='ltr'>dubium</span> <span class='ocrx_word' id='word_1_271' title='bbox 563 2077 616 2109; x_wconf 91' lang='lat' dir='ltr'>esse</span> <span class='ocrx_word' id='word_1_272' title='bbox 628 2063 686 2124; x_wconf 94' lang='lat' dir='ltr'>quiu</span> <span class='ocrx_word' id='word_1_273' title='bbox 697 2062 772 2110; x_wconf 92' lang='lat' dir='ltr'>etiam</span> <span class='ocrx_word' id='word_1_274' title='bbox 782 2062 838 2110; x_wconf 89' lang='lat' dir='ltr'>bovi</span> <span class='ocrx_word' id='word_1_275' title='bbox 851 2064 912 2111; x_wconf 89' lang='lat' dir='ltr'>nihil</span> <span class='ocrx_word' id='word_1_276' title='bbox 924 2065 992 2116; x_wconf 83' lang='lat' dir='ltr'>bove.</span> 
     </span>
     <span class='ocr_line' id='line_1_31' title="bbox 154 2126 996 2190; baseline 0.004 -15"><span class='ocrx_word' id='word_1_277' title='bbox 154 2129 211 2175; x_wconf 88' lang='lat' dir='ltr'>caui</span> <span class='ocrx_word' id='word_1_278' title='bbox 225 2128 285 2175; x_wconf 92' lang='lat' dir='ltr'>nihil</span> <span class='ocrx_word' id='word_1_279' title='bbox 300 2142 362 2177; x_wconf 88' lang='lat' dir='ltr'>caue</span> <span class='ocrx_word' id='word_1_280' title='bbox 375 2126 501 2190; x_wconf 91' lang='lat' dir='ltr'>pulchrius</span> <span class='ocrx_word' id='word_1_281' title='bbox 513 2127 632 2175; x_wconf 85' lang='lat' dir='ltr'>videatur.</span> <span class='ocrx_word' id='word_1_282' title='bbox 671 2128 786 2190; x_wconf 89' lang='lat' dir='ltr'>Denique</span> <span class='ocrx_word' id='word_1_283' title='bbox 800 2129 919 2177; x_wconf 90' lang='lat' dir='ltr'>incertum</span> <span class='ocrx_word' id='word_1_284' title='bbox 935 2130 996 2178; x_wconf 91' lang='lat' dir='ltr'>illud</span> 
     </span>
     <span class='ocr_line' id='line_1_32' title="bbox 154 2192 997 2257; baseline 0.004 -17"><span class='ocrx_word' id='word_1_285' title='bbox 154 2207 215 2252; x_wconf 88' lang='lat' dir='ltr'>esse,</span> <span class='ocrx_word' id='word_1_286' title='bbox 225 2192 293 2255; x_wconf 89' lang='lat' dir='ltr'>qaod</span> <span class='ocrx_word' id='word_1_287' title='bbox 306 2207 428 2255; x_wconf 92' lang='lat' dir='ltr'>nusquam</span> <span class='ocrx_word' id='word_1_288' title='bbox 442 2192 488 2240; x_wconf 90' lang='lat' dir='ltr'>nisi</span> <span class='ocrx_word' id='word_1_289' title='bbox 502 2193 528 2239; x_wconf 89' lang='lat' dir='ltr'>in</span> <span class='ocrx_word' id='word_1_290' title='bbox 541 2193 621 2251; x_wconf 82' lang='lat' dir='ltr'>ligura</span> <span class='ocrx_word' id='word_1_291' title='bbox 633 2192 742 2240; x_wconf 88' lang='lat' dir='ltr'>humana</span> <span class='ocrx_word' id='word_1_292' title='bbox 756 2195 820 2241; x_wconf 87' lang='lat' dir='ltr'>ratio</span> <span class='ocrx_word' id='word_1_293' title='bbox 835 2203 909 2257; x_wconf 86' lang='lat' dir='ltr'>atqnc</span> <span class='ocrx_word' id='word_1_294' title='bbox 920 2196 997 2243; x_wconf 89' lang='lat' dir='ltr'>etiam</span> 
     </span>
     <span class='ocr_line' id='line_1_33' title="bbox 153 2258 998 2322; baseline 0.005 -18"><span class='ocrx_word' id='word_1_295' title='bbox 153 2259 281 2306; x_wconf 78' lang='lat' dir='ltr'>beatitudo</span> <span class='ocrx_word' id='word_1_296' title='bbox 292 2258 375 2306; x_wconf 89' lang='lat' dir='ltr'>locum</span> <span class='ocrx_word' id='word_1_297' title='bbox 386 2258 475 2306; x_wconf 85' lang='lat' dir='ltr'>habere</span> <span class='ocrx_word' id='word_1_298' title='bbox 485 2258 603 2306; x_wconf 81' lang='lat' dir='ltr'>videatur.</span> <span class='ocrx_word' id='word_1_299' title='bbox 632 2259 719 2320; x_wconf 85' lang='lat' dir='ltr'>Neque</span> <span class='ocrx_word' id='word_1_300' title='bbox 731 2259 805 2318; x_wconf 83' lang='lat' dir='ltr'>enirn,</span> <span class='ocrx_word' id='word_1_301' title='bbox 819 2261 885 2322; x_wconf 92' lang='lat' dir='ltr'>quod</span> <span class='ocrx_word' id='word_1_302' title='bbox 895 2261 919 2308; x_wconf 93' lang='lat' dir='ltr'>in</span> <span class='ocrx_word' id='word_1_303' title='bbox 929 2262 998 2308; x_wconf 89' lang='lat' dir='ltr'>nulla</span> 
     </span>
     <span class='ocr_line' id='line_1_34' title="bbox 154 2322 993 2389; baseline 0.006 -19"><span class='ocrx_word' id='word_1_304' title='bbox 154 2323 203 2370; x_wconf 87' lang='lat' dir='ltr'>alia</span> <span class='ocrx_word' id='word_1_305' title='bbox 212 2323 292 2384; x_wconf 81' lang='lat' dir='ltr'>ligura</span> <span class='ocrx_word' id='word_1_306' title='bbox 302 2323 424 2371; x_wconf 85' lang='lat' dir='ltr'>rationem</span> <span class='ocrx_word' id='word_1_307' title='bbox 435 2322 577 2384; x_wconf 85' lang='lat' dir='ltr'>viderimus,</span> <span class='ocrx_word' id='word_1_308' title='bbox 588 2332 717 2386; x_wconf 90' lang='lat' dir='ltr'>propterea</span> <span class='ocrx_word' id='word_1_309' title='bbox 728 2325 754 2372; x_wconf 91' lang='lat' dir='ltr'>in</span> <span class='ocrx_word' id='word_1_310' title='bbox 768 2325 837 2372; x_wconf 87' lang='lat' dir='ltr'>nulla</span> <span class='ocrx_word' id='word_1_311' title='bbox 851 2341 904 2374; x_wconf 88' lang='lat' dir='ltr'>esse</span> <span class='ocrx_word' id='word_1_312' title='bbox 915 2341 993 2389; x_wconf 85' lang='lat' dir='ltr'>posse.</span> 
     </span>
     <span class='ocr_line' id='line_1_35' title="bbox 154 2389 998 2447; baseline 0.005 -11"><span class='ocrx_word' id='word_1_313' title='bbox 154 2389 227 2447; x_wconf 80' lang='lat' dir='ltr'>erod</span> <span class='ocrx_word' id='word_1_314' title='bbox 245 2403 332 2437; x_wconf 87' lang='lat' dir='ltr'>sensus</span> <span class='ocrx_word' id='word_1_315' title='bbox 350 2403 399 2436; x_wconf 90' lang='lat' dir='ltr'>nou</span> <span class='ocrx_word' id='word_1_316' title='bbox 417 2389 512 2447; x_wconf 86' lang='lat' dir='ltr'>doceat,</span> <span class='ocrx_word' id='word_1_317' title='bbox 523 2389 643 2437; x_wconf 90' lang='lat' dir='ltr'>rationem</span> <span class='ocrx_word' id='word_1_318' title='bbox 658 2389 753 2438; x_wconf 87' lang='lat' dir='ltr'>docere.</span> <span class='ocrx_word' id='word_1_319' title='bbox 792 2391 858 2438; x_wconf 92' lang='lat' dir='ltr'>Nam</span> <span class='ocrx_word' id='word_1_320' title='bbox 871 2391 892 2438; x_wconf 94' lang='lat' dir='ltr'>si</span> <span class='ocrx_word' id='word_1_321' title='bbox 903 2392 998 2440; x_wconf 88' lang='lat' dir='ltr'>nullum</span> 
     </span>
     <span class='ocr_line' id='line_1_36' title="bbox 154 2454 998 2519; baseline 0.005 -19"><span class='ocrx_word' id='word_1_322' title='bbox 154 2454 193 2501; x_wconf 87' lang='lat' dir='ltr'>dis</span> <span class='ocrx_word' id='word_1_323' title='bbox 207 2454 341 2514; x_wconf 79' lang='lat' dir='ltr'>negotium,</span> <span class='ocrx_word' id='word_1_324' title='bbox 352 2454 419 2516; x_wconf 92' lang='lat' dir='ltr'>quod</span> <span class='ocrx_word' id='word_1_325' title='bbox 432 2455 544 2502; x_wconf 91' lang='lat' dir='ltr'>membra</span> <span class='ocrx_word' id='word_1_326' title='bbox 560 2455 670 2516; x_wconf 87' lang='lat' dir='ltr'>corporis</span> <span class='ocrx_word' id='word_1_327' title='bbox 681 2455 784 2503; x_wconf 90' lang='lat' dir='ltr'>humani</span> <span class='ocrx_word' id='word_1_328' title='bbox 803 2457 921 2519; x_wconf 87' lang='lat' dir='ltr'>requirat,</span> <span class='ocrx_word' id='word_1_329' title='bbox 936 2458 998 2505; x_wconf 87' lang='lat' dir='ltr'>nihil</span> 
     </span>
     <span class='ocr_line' id='line_1_37' title="bbox 153 2519 998 2582; baseline 0.005 -16"><span class='ocrx_word' id='word_1_330' title='bbox 153 2519 271 2566; x_wconf 85' lang='lat' dir='ltr'>membris</span> <span class='ocrx_word' id='word_1_331' title='bbox 290 2533 351 2580; x_wconf 90' lang='lat' dir='ltr'>opus</span> <span class='ocrx_word' id='word_1_332' title='bbox 368 2534 429 2576; x_wconf 88' lang='lat' dir='ltr'>esse,</span> <span class='ocrx_word' id='word_1_333' title='bbox 443 2534 496 2582; x_wconf 89' lang='lat' dir='ltr'>cap.</span> <span class='ocrx_word' id='word_1_334' title='bbox 511 2519 626 2579; x_wconf 76' lang='lat' dir='ltr'>27-3t,§</span> <span class='ocrx_word' id='word_1_335' title='bbox 642 2523 747 2569; x_wconf 82' lang='lat'>75-102.</span> <span class='ocrx_word' id='word_1_336' title='bbox 796 2522 851 2569; x_wconf 86' lang='lat' dir='ltr'>Iam</span> <span class='ocrx_word' id='word_1_337' title='bbox 868 2522 894 2569; x_wconf 91' lang='lat' dir='ltr'>in</span> <span class='ocrx_word' id='word_1_338' title='bbox 911 2525 998 2571; x_wconf 90' lang='lat' dir='ltr'>ceteris</span> 
     </span>
     <span class='ocr_line' id='line_1_38' title="bbox 153 2584 998 2646; baseline 0.005 -14"><span class='ocrx_word' id='word_1_339' title='bbox 153 2585 230 2632; x_wconf 88' lang='lat' dir='ltr'>etiam</span> <span class='ocrx_word' id='word_1_340' title='bbox 239 2584 431 2646; x_wconf 86' lang='lat' dir='ltr'>quaestionibus,</span> <span class='ocrx_word' id='word_1_341' title='bbox 442 2584 474 2633; x_wconf 88' lang='lat' dir='ltr'>da</span> <span class='ocrx_word' id='word_1_342' title='bbox 482 2584 614 2645; x_wconf 86' lang='lat' dir='ltr'>domicilio,</span> <span class='ocrx_word' id='word_1_343' title='bbox 625 2585 656 2634; x_wconf 88' lang='lat' dir='ltr'>de</span> <span class='ocrx_word' id='word_1_344' title='bbox 664 2587 723 2646; x_wconf 88' lang='lat' dir='ltr'>vita,</span> <span class='ocrx_word' id='word_1_345' title='bbox 733 2586 765 2635; x_wconf 90' lang='lat' dir='ltr'>de</span> <span class='ocrx_word' id='word_1_346' title='bbox 776 2586 929 2635; x_wconf 87' lang='lat' dir='ltr'>beatitudine</span> <span class='ocrx_word' id='word_1_347' title='bbox 941 2588 998 2636; x_wconf 86' lang='lat' dir='ltr'>deo-</span> 
     </span>
     <span class='ocr_line' id='line_1_39' title="bbox 153 2649 998 2712; baseline 0.007 -16"><span class='ocrx_word' id='word_1_348' title='bbox 153 2664 207 2697; x_wconf 89' lang='lat' dir='ltr'>rum</span> <span class='ocrx_word' id='word_1_349' title='bbox 221 2649 332 2698; x_wconf 87' lang='lat' dir='ltr'>laborare</span> <span class='ocrx_word' id='word_1_350' title='bbox 342 2650 490 2712; x_wconf 85' lang='lat' dir='ltr'>Epicuream</span> <span class='ocrx_word' id='word_1_351' title='bbox 502 2651 638 2699; x_wconf 90' lang='lat' dir='ltr'>rationem:</span> <span class='ocrx_word' id='word_1_352' title='bbox 655 2652 750 2700; x_wconf 86' lang='lat' dir='ltr'>unllam</span> <span class='ocrx_word' id='word_1_353' title='bbox 760 2652 784 2698; x_wconf 95' lang='lat' dir='ltr'>in</span> <span class='ocrx_word' id='word_1_354' title='bbox 797 2652 835 2699; x_wconf 89' lang='lat' dir='ltr'>dis</span> <span class='ocrx_word' id='word_1_355' title='bbox 847 2652 998 2702; x_wconf 88' lang='lat' dir='ltr'>soliditatem</span> 
     </span>
     <span class='ocr_line' id='line_1_40' title="bbox 154 2715 997 2779; baseline 0.005 -17"><span class='ocrx_word' id='word_1_356' title='bbox 154 2730 207 2763; x_wconf 88' lang='lat' dir='ltr'>esse</span> <span class='ocrx_word' id='word_1_357' title='bbox 221 2730 268 2763; x_wconf 89' lang='lat' dir='ltr'>uec</span> <span class='ocrx_word' id='word_1_358' title='bbox 283 2716 460 2763; x_wconf 89' lang='lat' dir='ltr'>adnumerum</span> <span class='ocrx_word' id='word_1_359' title='bbox 474 2731 619 2779; x_wconf 87' lang='lat' dir='ltr'>permanere</span> <span class='ocrx_word' id='word_1_360' title='bbox 632 2717 687 2765; x_wconf 91' lang='lat' dir='ltr'>illos</span> <span class='ocrx_word' id='word_1_361' title='bbox 704 2718 792 2776; x_wconf 85' lang='lat' dir='ltr'>dicere,</span> <span class='ocrx_word' id='word_1_362' title='bbox 804 2715 847 2764; x_wconf 89' lang='lat' dir='ltr'>sed</span> <span class='ocrx_word' id='word_1_363' title='bbox 862 2717 997 2777; x_wconf 85' lang='lat' dir='ltr'>imaginum</span> 
     </span>
     <span class='ocr_line' id='line_1_41' title="bbox 154 2781 999 2844; baseline 0.005 -16"><span class='ocrx_word' id='word_1_364' title='bbox 154 2781 317 2830; x_wconf 89' lang='lat' dir='ltr'>similitudine</span> <span class='ocrx_word' id='word_1_365' title='bbox 328 2790 354 2830; x_wconf 88' lang='lat' dir='ltr'>et</span> <span class='ocrx_word' id='word_1_366' title='bbox 365 2782 510 2830; x_wconf 89' lang='lat' dir='ltr'>transitione</span> <span class='ocrx_word' id='word_1_367' title='bbox 524 2782 624 2844; x_wconf 88' lang='lat' dir='ltr'>percipi.</span> <span class='ocrx_word' id='word_1_368' title='bbox 661 2783 716 2830; x_wconf 92' lang='lat' dir='ltr'>Iam</span> <span class='ocrx_word' id='word_1_369' title='bbox 731 2783 751 2830; x_wconf 94' lang='lat' dir='ltr'>si</span> <span class='ocrx_word' id='word_1_370' title='bbox 769 2781 836 2829; x_wconf 90' lang='lat' dir='ltr'>nulla</span> <span class='ocrx_word' id='word_1_371' title='bbox 850 2781 952 2830; x_wconf 89' lang='lat' dir='ltr'>deorum</span> <span class='ocrx_word' id='word_1_372' title='bbox 967 2785 999 2832; x_wconf 87' lang='lat' dir='ltr'>sit</span> 
     </span>
     <span class='ocr_line' id='line_1_42' title="bbox 154 2846 999 2912; baseline 0.005 -20"><span class='ocrx_word' id='word_1_373' title='bbox 154 2846 265 2894; x_wconf 86' lang='lat' dir='ltr'>soliditas</span> <span class='ocrx_word' id='word_1_374' title='bbox 277 2855 302 2895; x_wconf 88' lang='lat' dir='ltr'>et</span> <span class='ocrx_word' id='word_1_375' title='bbox 314 2847 457 2905; x_wconf 87' lang='lat' dir='ltr'>eminentia,</span> <span class='ocrx_word' id='word_1_376' title='bbox 467 2847 528 2893; x_wconf 85' lang='lat' dir='ltr'>nihil</span> <span class='ocrx_word' id='word_1_377' title='bbox 540 2848 657 2895; x_wconf 87' lang='lat' dir='ltr'>interesse</span> <span class='ocrx_word' id='word_1_378' title='bbox 668 2857 749 2894; x_wconf 90' lang='lat' dir='ltr'>utrum</span> <span class='ocrx_word' id='word_1_379' title='bbox 760 2847 791 2894; x_wconf 91' lang='lat' dir='ltr'>de</span> <span class='ocrx_word' id='word_1_380' title='bbox 803 2847 849 2894; x_wconf 92' lang='lat' dir='ltr'>dco</span> <span class='ocrx_word' id='word_1_381' title='bbox 861 2863 892 2895; x_wconf 90' lang='lat' dir='ltr'>an</span> <span class='ocrx_word' id='word_1_382' title='bbox 905 2848 936 2896; x_wconf 93' lang='lat' dir='ltr'>de</span> <span class='ocrx_word' id='word_1_383' title='bbox 945 2849 999 2912; x_wconf 92' lang='lat' dir='ltr'>hip-</span> 
     </span>
     <span class='ocr_line' id='line_1_43' title="bbox 154 2912 999 2976; baseline 0.006 -18"><span class='ocrx_word' id='word_1_384' title='bbox 154 2920 304 2974; x_wconf 88' lang='lat' dir='ltr'>pocentauro</span> <span class='ocrx_word' id='word_1_385' title='bbox 316 2913 462 2976; x_wconf 90' lang='lat' dir='ltr'>disputetur,</span> <span class='ocrx_word' id='word_1_386' title='bbox 473 2913 610 2974; x_wconf 89' lang='lat' dir='ltr'>meritoque</span> <span class='ocrx_word' id='word_1_387' title='bbox 622 2912 681 2960; x_wconf 90' lang='lat' dir='ltr'>deos</span> <span class='ocrx_word' id='word_1_388' title='bbox 693 2912 724 2960; x_wconf 91' lang='lat' dir='ltr'>ad</span> <span class='ocrx_word' id='word_1_389' title='bbox 738 2927 778 2959; x_wconf 87' lang='lat' dir='ltr'>eas</span> <span class='ocrx_word' id='word_1_390' title='bbox 791 2913 999 2962; x_wconf 81' lang='lat' dir='ltr'>conformationes</span> 
     </span>
     <span class='ocr_line' id='line_1_44' title="bbox 154 2977 998 3040; baseline 0 -16"><span class='ocrx_word' id='word_1_391' title='bbox 154 2977 302 3040; x_wconf 82' lang='lat' dir='ltr'>1·cfer1i‚qui</span> <span class='ocrx_word' id='word_1_392' title='bbox 319 2988 402 3026; x_wconf 90' lang='lat' dir='ltr'>motus</span> <span class='ocrx_word' id='word_1_393' title='bbox 420 2977 505 3024; x_wconf 88' lang='lat' dir='ltr'>inanes</span> <span class='ocrx_word' id='word_1_394' title='bbox 522 2977 683 3038; x_wconf 87' lang='lat' dir='ltr'>appellentur.</span> <span class='ocrx_word' id='word_1_395' title='bbox 720 2977 794 3036; x_wconf 87' lang='lat' dir='ltr'>Quod</span> <span class='ocrx_word' id='word_1_396' title='bbox 811 2978 832 3024; x_wconf 88' lang='lat' dir='ltr'>si</span> <span class='ocrx_word' id='word_1_397' title='bbox 849 2978 998 3038; x_wconf 87' lang='lat' dir='ltr'>imaginibus</span> 
     </span>
     <span class='ocr_line' id='line_1_45' title="bbox 154 3043 995 3105; baseline 0.001 -15"><span class='ocrx_word' id='word_1_398' title='bbox 154 3043 260 3091; x_wconf 88' lang='lat' dir='ltr'>deorum</span> <span class='ocrx_word' id='word_1_399' title='bbox 275 3043 404 3105; x_wconf 90' lang='lat' dir='ltr'>pulsentur</span> <span class='ocrx_word' id='word_1_400' title='bbox 418 3043 502 3101; x_wconf 86' lang='lat' dir='ltr'>animi,</span> <span class='ocrx_word' id='word_1_401' title='bbox 514 3057 666 3103; x_wconf 86' lang='lat' dir='ltr'>quamquam</span> <span class='ocrx_word' id='word_1_402' title='bbox 684 3050 736 3089; x_wconf 86' lang='lat' dir='ltr'>tota</span> <span class='ocrx_word' id='word_1_403' title='bbox 754 3057 792 3089; x_wconf 90' lang='lat' dir='ltr'>res</span> <span class='ocrx_word' id='word_1_404' title='bbox 810 3045 941 3102; x_wconf 82' lang='lat' dir='ltr'>nugatoria</span> <span class='ocrx_word' id='word_1_405' title='bbox 955 3046 995 3103; x_wconf 87' lang='lat' dir='ltr'>sit,</span> 
     </span>
     <span class='ocr_line' id='line_1_46' title="bbox 154 3105 998 3171; baseline -0.002 -15"><span class='ocrx_word' id='word_1_406' title='bbox 154 3105 239 3156; x_wconf 81' lang='lat' dir='ltr'>tamen</span> <span class='ocrx_word' id='word_1_407' title='bbox 254 3109 346 3171; x_wconf 87' lang='lat' dir='ltr'>species</span> <span class='ocrx_word' id='word_1_408' title='bbox 362 3108 494 3156; x_wconf 88' lang='lat' dir='ltr'>dumtaxat</span> <span class='ocrx_word' id='word_1_409' title='bbox 508 3108 571 3153; x_wconf 89' lang='lat' dir='ltr'>obici</span> <span class='ocrx_word' id='word_1_410' title='bbox 586 3106 682 3164; x_wconf 85' lang='lat' dir='ltr'>animis,</span> <span class='ocrx_word' id='word_1_411' title='bbox 695 3121 745 3153; x_wconf 88' lang='lat' dir='ltr'>non</span> <span class='ocrx_word' id='word_1_412' title='bbox 757 3121 814 3154; x_wconf 89' lang='lat' dir='ltr'>vero</span> <span class='ocrx_word' id='word_1_413' title='bbox 829 3123 872 3155; x_wconf 89' lang='lat' dir='ltr'>cur</span> <span class='ocrx_word' id='word_1_414' title='bbox 886 3123 930 3156; x_wconf 87' lang='lat' dir='ltr'>eae</span> <span class='ocrx_word' id='word_1_415' title='bbox 942 3109 998 3155; x_wconf 87' lang='lat' dir='ltr'>hea-</span> 
     </span>
     <span class='ocr_line' id='line_1_47' title="bbox 155 3171 995 3225; baseline -0.002 -5"><span class='ocrx_word' id='word_1_416' title='bbox 155 3184 195 3222; x_wconf 82' lang='lat' dir='ltr'>tae</span> <span class='ocrx_word' id='word_1_417' title='bbox 209 3175 259 3222; x_wconf 89' lang='lat' dir='ltr'>sint</span> <span class='ocrx_word' id='word_1_418' title='bbox 275 3183 317 3221; x_wconf 84' lang='lat' dir='ltr'>aut</span> <span class='ocrx_word' id='word_1_419' title='bbox 331 3187 455 3225; x_wconf 78' lang='lat' dir='ltr'>acteruae.</span> <span class='ocrx_word' id='word_1_420' title='bbox 466 3173 511 3218; x_wconf 83' lang='lat' dir='ltr'>etsi</span> <span class='ocrx_word' id='word_1_421' title='bbox 526 3173 563 3218; x_wconf 85' lang='lat' dir='ltr'>rel</span> <span class='ocrx_word' id='word_1_422' title='bbox 582 3171 691 3217; x_wconf 88' lang='lat' dir='ltr'>maxima</span> <span class='ocrx_word' id='word_1_423' title='bbox 708 3171 862 3219; x_wconf 86' lang='lat' dir='ltr'>continenter</span> <span class='ocrx_word' id='word_1_424' title='bbox 878 3173 995 3220; x_wconf 86' lang='lat' dir='ltr'>serantur.</span> 
     </span>
    </p>
   </div>
   <div class='ocr_carea' id='block_1_5' title="bbox 0 0 1118 3432">
    <p class='ocr_par' dir='ltr' id='par_1_5' title="bbox 0 0 1118 3432">
     <span class='ocr_line' id='line_1_48' title="bbox 0 0 1118 3432; baseline 0 0"><span class='ocrx_word' id='word_1_425' title='bbox 0 0 1118 3432; x_wconf 95' lang='lat' dir='ltr'> </span> 
     </span>
    </p>
   </div>
   <div class='ocr_carea' id='block_1_6' title="bbox 1038 3315 1095 3406">
    <p class='ocr_par' dir='ltr' id='par_1_6' title="bbox 1038 3315 1095 3406">
     <span class='ocr_line' id='line_1_49' title="bbox 1038 3315 1095 3406; baseline 0 0"><span class='ocrx_word' id='word_1_426' title='bbox 1038 3315 1095 3406; x_wconf 73' lang='lat' dir='ltr'><em>A</em></span> 
     </span>
    </p>
   </div>
  </div>
 </body>
</html>
