2242 3436
342 141 410 191 LlB.
427 140 489 202 111,
506 140 582 189 CAP.
603 141 624 189 Ι.
628 139 695 188 -.IlI
700 137 760 200 ,ἐι
764 141 804 189 -7
939 144 986 190 109

147 263 232 322 quam
255 244 291 301 de
307 263 338 300 re
339 262 449 335 ‚pauca
469 243 505 300 de
525 261 580 300 me.
623 241 691 299 Non
712 242 789 298 enim
805 241 988 300 mediocriter

145 344 264 382 moveor
284 324 482 381 auctoritatet
483 342 527 394 ua,
543 321 641 394 Balbe,
658 321 842 398 orationeque
858 341 900 392 ea,
916 341 987 398 quae

146 425 193 462 me
207 405 236 461 in
250 403 408 481 perorando
423 401 634 471 cohortabatur,
648 410 680 459 ut
694 401 886 458 meminissem
897 421 944 458 me
958 410 988 459 et

146 485 216 542 Cott
191 492 264 542 ttam
279 503 339 542 esse
354 492 382 540 et
393 491 465 559 pont
453 482 567 540 tifieem.
606 482 692 552 Quod
706 501 749 551 ee,
759 481 853 552 erede,
866 481 986 552 valebat,

146 572 179 622 ut
194 565 353 641 opiniones,
365 583 435 640 quas
449 583 466 619 a
478 562 636 620 maioribus
652 562 813 638 accepimus
827 561 864 618 de
878 561 922 618 dis
937 563 988 618 im-

145 645 322 715 mortalibus,
335 663 420 713 saera,
433 643 618 700 caerimonias
632 642 839 719 religionesque
853 641 988 699 defende

146 744 214 782 rem.
257 725 321 802 Ego
349 743 416 780 vero
444 743 491 780 eas
511 722 666 780 defendam
687 741 799 799 semper
820 741 988 799 semperque

145 805 272 875 defendi,
288 823 340 861 nec
362 823 408 861 me
429 823 463 860 ex
480 821 514 859 ea
534 803 679 879 opinione,
695 821 781 879 quam
798 821 815 860 a
830 802 988 860 maioribus

144 885 242 962 accepi
252 884 288 942 de
303 883 381 942 cultu
395 883 513 940 deorum
525 882 740 952 immortalium,
750 881 836 940 ullius
849 901 987 959 umquam

145 965 238 1022 oratio
257 971 307 1021 aut
322 964 402 1020 docti
419 971 468 1020 aut
484 962 595 1020 indocti
611 962 747 1020 movebit.
790 962 848 1020 Sed
864 982 929 1020 cum
950 963 987 1020 de

144 1044 282 1120 religione
299 1045 402 1121 agitur,
417 1043 460 1101 Ti.
477 1042 697 1112 Coruncanium,
713 1042 745 1100 P.
762 1041 936 1119 Scipionem,
951 1042 985 1100 P.

145 1124 310 1182 Scaevolam
337 1123 488 1201 pontifices
514 1123 664 1194 maximos,
679 1141 737 1179 non
765 1122 910 1180 Zenonem
937 1129 988 1179 aut

144 1203 314 1261 Cleanthem
343 1211 393 1261 aut
422 1203 618 1280 Chrysippum
646 1222 750 1280 sequor
775 1202 924 1279 habeoque
952 1202 985 1260 C.

145 1283 274 1341 Laelium
295 1301 431 1360 augurem
454 1283 633 1359 eundemque
651 1283 818 1360 sapientem,
835 1301 919 1360 quem
937 1302 988 1360 po

143 1363 203 1417 tius
223 1362 338 1418 audiam
358 1362 503 1418 dicentem
523 1361 560 1418 de
580 1362 717 1439 religione
738 1363 769 1419 in
788 1362 837 1418 illa
857 1363 988 1420 oratione

143 1440 235 1498 nobili
244 1461 330 1518 quam
342 1461 514 1519 quemquam
523 1441 682 1519 principem
695 1441 866 1513 Stoicorum.
901 1442 988 1500 Oum-

144 1540 200 1597 que
221 1522 316 1578 omnis
331 1521 432 1598 populi
448 1521 573 1578 Romani
589 1522 690 1598 religio
707 1522 737 1579 in
755 1541 834 1578 sacra
847 1529 876 1579 et
892 1522 922 1578 in
940 1541 987 1579 au-

143 1601 234 1677 spicia
250 1601 342 1658 divisa
355 1601 400 1672 sit,
413 1601 530 1658 tertium
545 1601 662 1659 adiuuet
650 1609 712 1658 tum
727 1602 772 1672 sit,
786 1603 809 1658 si
825 1602 893 1678 quid
908 1621 987 1694 prae

143 1681 212 1738 dict
192 1681 279 1738 t10nis
296 1701 380 1738 eausa
396 1701 431 1738 cx
448 1682 589 1758 portentis
605 1689 634 1739 et
650 1682 786 1738 monstris
803 1681 952 1759 Sibyllae
945 1703 987 1740 ιιι-

142 1767 251 1837 terpret
253 1781 283 1818 es
303 1761 502 1838 haruspicesve
529 1768 710 1832 monuerunt,
726 1761 828 1819 harum
849 1782 904 1839 ego
924 1763 987 1820 reli-

142 1841 263 1933 gionum
281 1840 389 1898 nullam
406 1859 543 1933 umquam
561 1841 799 1899 contemnendam
817 1843 916 1918 putati
934 1845 986 1900 mi-

142 1920 230 2013 hique
251 1921 293 1978 ita
313 1921 448 1998 persuasi,
464 1919 621 1977 Romulum
642 1921 782 2013 auspiciis,
799 1921 925 1980 Numam
945 1943 987 1980 sa-

143 2000 198 2058 eris
215 2019 284 2058 cons
285 2001 381 2058 titutis
396 2001 568 2058 fundament
556 2008 586 2058 ta
602 2001 700 2058 iecisse
717 2009 830 2060 nostrae
851 2003 937 2060 civita
921 2004 984 2074 atis,

143 2100 215 2157 quae
232 2100 390 2158 numquam
407 2080 539 2158 profecto
556 2081 617 2138 sine
634 2100 746 2138 summa
762 2083 921 2159 placatione
938 2084 986 2142 de-

143 2179 226 2217 orum
253 2161 460 2218 immortalium
488 2167 569 2217 tanta
596 2180 656 2218 esse
683 2163 832 2238 potuisset
876 2161 984 2230 Habes,

142 2239 242 2310 Balbe,
258 2241 329 2317 quid
346 2240 441 2312 Cotta,
457 2240 528 2318 quid
543 2241 677 2316 pontifex
698 2243 819 2300 sentiat:
840 2244 887 2300 fao
908 2263 985 2300 nunc

142 2339 212 2396 ergo
225 2320 392 2397 intellegam
406 2328 438 2378 tu
453 2320 523 2398 quid
537 2321 650 2379 sentiae.
694 2327 719 2378 6.
744 2321 814 2379 Ate
831 2323 907 2379 enim
923 2323 986 2400 phi-

141 2400 265 2478 losopho
286 2401 427 2458 rationem
448 2401 575 2478 accipere
594 2401 686 2458 debeo
702 2400 857 2478 religionis,
872 2403 986 2460 maiori-

141 2480 196 2537 bus
212 2487 309 2538 autem
323 2481 430 2538 nostris
446 2482 533 2540 etiam
548 2481 627 2538 nulla
640 2481 751 2538 ratione
765 2480 878 2538 reddita
891 2483 985 2540 erede·
1078 2549 1082 2557 ,

142 2579 180 2617 re.
223 2559 276 2618 ΙΙΙ.
299 2560 374 2618 Tum
388 2561 513 2618 Balbus:
535 2560 628 2630 Quam
643 2561 733 2637 igitur
746 2581 763 2618 a
776 2579 822 2618 me
833 2561 983 2634 rationem,

141 2640 246 2732 inquit,
259 2641 329 2698 Cott
317 2648 355 2712 ta,
368 2641 529 2698 desiderasl
570 2641 609 2698 Et
624 2641 686 2698 ille:
709 2640 930 2717 Quadripertita
893 2643 986 2699 tin-

142 2721 287 2797 quit,t
229 2721 287 2778 fuit
304 2721 408 2778 divisio
425 2728 483 2791 tua,
496 2721 622 2798 primum
639 2727 672 2777 ut
688 2720 775 2778 velles
796 2721 897 2778 docere
914 2722 985 2779 deos

141 2819 210 2870 csse,
227 2801 332 2858 deinde
349 2801 446 2878 quales
462 2807 565 2871 essent,
576 2807 639 2857 tum
656 2800 724 2857 ab''
706 2820 741 2858 us
758 2800 899 2858 mundum
913 2803 983 2879 regi,

141 2887 208 2962 post
209 2899 289 2937 remo
314 2881 460 2938 consulere
485 2899 534 2937 eos
558 2879 642 2937 rebus
665 2879 806 2938 humanis
855 2880 981 2951 Haec,
960 2903 984 2940 ιι

142 2967 217 3017 recte
238 2961 358 3018 memini
360 2959 475 3036 ,partit
468 2980 497 3016 ιο
455 2960 579 3017 tfuit.
621 2959 791 3018 Rectissime
792 2961 906 3038 ,inquit
919 2927 985 3019 B'u-

140 3039 203 3112 buS,
216 3040 267 3096 sed
281 3050 415 3116 exspecto
431 3040 501 3116 quid
515 3039 648 3116 requirmas

184 3085 210 3177 7.
232 3119 308 3177 Turn
333 3120 436 3176 Cotta·
403 3139 436 3176 a.
466 3119 597 3176 Primum
622 3118 749 3196 quidque
772 3119 951 3191 rideamne,
943 3140 984 3177 ιιι-

142 3199 222 3276 quit:
255 3206 293 3272 et,
309 3200 332 3256 si
349 3199 381 3256 id
401 3205 445 3256 est
465 3198 600 3274 primum,
616 3197 694 3274 quod
714 3199 789 3256 inter
809 3219 910 3257 omnes
929 3200 984 3258 nisi
