2242 3436
263 99 332 148 um.
347 98 407 160 111,
421 96 500 148 car.
513 97 694 159 xix-xxr,
709 98 723 158 ς
737 100 827 148 49-54.
919 104 966 150 ras

122 199 213 258 tandi.
257 199 356 256 Nostri
371 199 488 276 quidem
503 198 597 269 duces,
610 217 688 256 mare
701 198 903 276 ingredientes,
916 200 967 256 im-

122 279 231 336 molare
241 279 366 336 hostiam
377 278 512 335 fiuctibus
526 285 706 336 consuerunt.
746 285 792 336 52.
815 279 876 336 Iam
889 281 912 336 si
924 288 966 338 est

122 359 209 417 Ceres
220 379 238 416 a
247 359 457 436 gerendo-ita
467 359 542 416 enim
553 358 782 416 dicebas-terra
791 359 854 436 ipsa
862 358 916 416 dea
924 367 966 417 est

122 446 152 496 et
168 439 210 496 ita
224 438 361 498 habetur:
383 457 456 514 quae
471 446 513 495 est
528 438 605 495 enim
619 438 673 495 alia
687 437 799 496 Tellusl
840 438 872 496 Si
882 446 965 510 terra,

121 537 201 575 mare
218 519 314 587 etiam,
330 537 416 595 quem
433 517 603 594 Neptunum
620 537 680 576 esse
698 517 828 576 dicebas:
851 537 920 595 ergo
937 526 966 576 et

121 597 243 655 flumina
257 605 286 655 et
299 597 403 655 fontes
446 596 548 674 Itaque
563 605 592 655 et
605 597 704 655 Fontis
719 597 870 656 delubrum
885 598 965 656 Maso

121 697 157 734 ex
174 677 292 735 Corsica
306 677 449 735 dedicavit
463 678 536 734 etin
551 696 691 754 augurum
706 679 869 754 precatione
883 678 966 737 Tibe-

121 759 227 829 rinum,
245 757 412 833 Spinonem,
430 757 585 827 Anionem,
601 757 758 826 Nodinum,
774 759 829 815 alia
849 759 966 836 propin·

121 856 247 913 quorum
263 837 415 894 fluminum
432 837 551 894 nomina
568 837 705 894 videmus.
748 838 825 915 Ergo
843 838 898 896 hoc
916 845 966 896 aut

121 917 153 972 in
166 917 340 974 immensum
355 923 513 995 serpetaut
527 916 599 973 nihil
610 917 713 974 horum
728 919 898 995 recipiemus
912 937 965 976 nec

121 995 172 1054 illa
194 995 308 1054 infinita
331 997 404 1055 ratio
430 997 641 1073 superstitionis
665 996 840 1074 probabitur.
884 999 965 1056 Nihil

121 1095 191 1153 ergo
205 1077 309 1134 horum
323 1076 505 1154 probandum
519 1084 570 1134 est.

162 1156 247 1214 XXI.
291 1163 337 1214 53.
359 1156 498 1214 Dicamus
511 1156 608 1234 igitur,
620 1155 719 1227 Balbe,
733 1163 848 1233 oportet
865 1163 965 1214 contra

122 1235 187 1294 illos
204 1236 299 1306 etiam,
313 1236 362 1313 qui
376 1236 430 1294 hos
444 1237 514 1295 deos
529 1256 564 1293 ex
577 1236 728 1294 hominum
743 1256 846 1312 genere
860 1237 891 1294 in
905 1257 965 1294 cac·

121 1316 182 1373 lum
196 1316 349 1376 translatos
362 1335 421 1373 non
436 1335 474 1387 re,
487 1316 537 1374 sed
552 1317 688 1394 opinione
699 1336 759 1373 esse
770 1317 879 1388 dicunt,
893 1336 965 1394 quos

121 1402 242 1472 auguste
259 1415 359 1453 omnes
373 1404 526 1474 sancteque
540 1412 714 1454 veneramur.
757 1395 905 1473 Principio
921 1396 965 1453 lo-

121 1495 171 1533 ves
195 1484 253 1533 tres
275 1484 427 1533 numerant
449 1477 478 1546 ii,
495 1477 545 1553 qui
568 1475 697 1552 theologi
719 1476 913 1547 nominantur,
930 1496 964 1532 ox

121 1555 226 1632 quibus
243 1556 368 1632 primum
385 1563 414 1613 et
431 1556 589 1614 secundum
604 1565 687 1613 natos
703 1556 733 1611 in
751 1555 882 1627 Arcadia,
898 1555 964 1613 alte-

120 1655 187 1692 rum
204 1644 285 1712 patre
304 1634 438 1706 Aethere,
454 1655 489 1693 ex
507 1655 564 1712 quo
585 1636 673 1694 etiam
692 1635 893 1712 Proserpinam
917 1655 964 1693 na-

120 1721 182 1772 tam
198 1716 297 1773 ferunt
310 1722 339 1774 et
353 1715 497 1786 Liberum,
512 1716 634 1774 alterum
647 1723 729 1792 patre
745 1715 841 1787 Caelo,
854 1717 903 1793 qui
917 1737 964 1794 ge·

120 1795 217 1852 nuisse
234 1794 392 1853 Minervam
410 1796 523 1867 dicitur,
539 1815 626 1872 quam
643 1795 804 1872 principem
821 1803 851 1854 et
867 1797 964 1854 inven-

120 1875 222 1932 tricem
240 1874 308 1932 belli
323 1876 430 1947 ferunt,
446 1876 564 1932 tertium
585 1875 760 1946 Cretensem,
775 1875 892 1934 Saturni
912 1876 965 1933 fili·

120 1974 180 2026 um,
196 1955 276 2012 cuius
292 1955 323 2012 in
340 1955 389 2012 illa
405 1955 498 2012 insula
514 1955 676 2032 sepulcrum
691 1956 859 2014 ostenditur.
901 1958 964 2014 Ani

120 2057 226 2110 σκουροι
241 2035 328 2092 etiam
343 2035 420 2112 apud
434 2035 536 2092 Graios
549 2035 649 2092 multis
663 2035 757 2092 modis
767 2037 961 2106 nominantur.
1004 2109 1005 2116 ἵ

120 2113 214 2172 Primi
228 2122 293 2185 tres,
305 2115 355 2192 qui
372 2115 553 2192 appellantur
568 2115 689 2186 Anaces,
704 2114 829 2172 Athenis
846 2136 880 2174 ex
897 2135 963 2193 rege

120 2192 190 2251 Iove
211 2195 410 2271 antiquissimo
434 2202 463 2252 et
484 2194 657 2271 Proserpina
672 2195 741 2265 nati,
757 2193 962 2272 Tritopatores,

119 2273 252 2351 Zagreus
262 2273 416 2345 Eubuleus,
426 2274 582 2352 Dionysus,
591 2275 711 2332 secundi
723 2268 816 2351 [duo],
827 2274 896 2332 Iove
909 2282 963 2332 ter-

120 2354 164 2411 tio
181 2354 242 2411 nati
259 2360 289 2412 et
304 2353 389 2426 Leda,
406 2355 509 2412 Castor
527 2362 557 2412 et
573 2354 686 2423 Pollux,
701 2353 779 2410 tertii
796 2355 931 2411 dicuntur
947 2374 964 2411 a

120 2453 180 2490 non
198 2433 283 2491 nullis
298 2434 373 2492 Alco
391 2443 420 2492 et
437 2434 596 2511 Melampus
613 2442 643 2491 et
659 2432 786 2503 Tmolua
801 2432 885 2490 Atrei
901 2433 962 2504 filii,

119 2513 172 2590 qui
183 2512 291 2590 Pelope
305 2521 389 2571 natus
403 2515 468 2572 fuit.
508 2521 554 2572 54.
577 2513 639 2570 lam
651 2513 749 2569 Musae
759 2513 869 2588 primae
884 2521 963 2590 quat-

120 2601 188 2651 tuor
204 2601 287 2650 natae
304 2593 373 2651 Iove
389 2594 478 2652 altero
495 2600 525 2651 et
539 2637 545 2651 .
558 2637 565 2650 .
578 2637 585 2650 .
600 2592 769 2662 Thelxinoe,
784 2592 894 2661 Aoede,
912 2593 963 2650 Ar·

118 2673 183 2744 che,
195 2672 307 2744 Melete,
320 2673 460 2732 secundae
474 2673 543 2730 Iove
557 2673 643 2730 tertio
657 2679 687 2730 et
697 2671 885 2748 Mnemosyne
900 2690 964 2749 pro-

119 2760 240 2825 creatae,
253 2771 365 2824 novem,
377 2754 477 2810 tertiae
494 2752 580 2810 Piero
596 2758 680 2816 natae
697 2757 726 2809 et
742 2751 880 2828 Antiopa,
893 2771 963 2828 quas

119 2832 253 2890 Pieridas
277 2840 306 2891 et
326 2833 435 2891 Pierias
456 2832 548 2890 solent
568 2839 673 2909 poetae
694 2831 845 2908 appellare,
860 2831 962 2888 iisdem

118 2912 297 2984 nominibus,
312 2913 413 2971 eodem
431 2931 559 2982 numero,
573 2931 630 2988 quo
646 2911 777 2988 proxime
795 2912 961 2988 superiores.

118 2992 254 3069 Cumque
271 3000 303 3050 tu
321 2992 425 3061 Solem,
439 2991 506 3068 quia
522 2991 599 3048 solus
615 2996 697 3058 esset,
713 2991 887 3066 appellatum
903 3010 963 3048 esse

118 3073 209 3143 dicaS,
221 3071 302 3130 Soles
315 3073 371 3149 ipsi
386 3071 567 3148 quammulti
581 3089 598 3126 a
611 3068 755 3142 theologis
765 3071 962 3146 proferuntur!
992 3109 994 3112 -

118 3151 207 3210 Unus
221 3171 321 3209 eorum
335 3151 403 3209 love
417 3157 509 3219 natus,
521 3168 611 3223 nepos
625 3146 767 3218 Aetheris,
780 3148 851 3205 alter
864 3149 962 3224 Hypo·

204 3233 235 3300 ll

1045 3283 1103 3390 A
