2242 3436
243 120 311 169 LIB.
325 121 385 181 111,
399 118 479 169 CAI’.
491 119 753 182 xxxa-XXXIII,
768 120 781 180 ἓ
797 124 886 171 76-82.
940 125 987 172 135

144 221 227 279 tersit
243 227 340 278 utrum
356 240 443 279 nemo
462 220 500 278 sit
517 220 630 296 sapiens
646 239 683 278 an
703 239 789 278 nemo
810 241 870 280 esse
887 225 985 300 possit.

143 301 190 359 Ac
203 320 257 358 nos
271 301 387 377 quidem
403 300 490 357 nimis
503 300 595 357 multa
609 300 645 358 de
661 319 691 357 re
708 301 893 377 apertissima.
935 303 988 362 Te-

144 380 221 438 lamo
238 388 335 438 autem
351 399 410 437 uno
427 399 509 437 versu
526 379 622 437 locum
639 386 734 437 totum
753 381 877 454 conficit,
890 402 940 440 eur
957 383 987 440 di

143 460 276 518 homines
290 459 460 537 neglegant:

142 581 212 630 Nam
222 579 243 628 si
254 586 349 641 curent,
359 579 422 629 benc
433 579 503 628 bonis
516 579 555 640 sit,
566 579 631 628 male
644 579 731 629 mulis:
750 580 816 644 quod
827 596 893 630 nunc
906 582 983 633 abest.

142 698 297 757 Debebant
306 698 349 755 illi
361 697 477 775 quidem
493 717 593 754 omnes
603 697 696 756 bonos
707 697 824 771 officere,
835 700 859 756 si
870 701 986 777 quidem

143 778 296 836 hominurn
309 778 407 855 generi
422 777 615 836 consulebant.
651 784 697 836 80.
714 777 765 837 sin
779 779 811 836 id
825 780 927 851 minus,
937 780 987 838 bo·

142 859 188 916 nis
199 858 317 935 quidem
327 864 403 916 certe
414 857 560 916 consulere
571 857 721 916 debebant.
760 858 820 916 Cur
829 860 918 936 igitur
928 861 986 918 duo

143 937 302 1015 Scipiones,
314 937 487 995 fortissimos
508 944 538 995 et
554 937 681 1014 optimos
697 939 782 1007 virae,
797 940 828 996 in
844 939 987 1016 Hispania

142 1018 260 1076 Poenus
274 1017 434 1094 oppressitl
470 1016 531 1074 (lur
543 1016 686 1075 Maximus
701 1019 803 1076 extulit
816 1018 908 1076 filium
921 1040 987 1078 con-

142 1097 284 1154 sulareml
321 1096 381 1154 Cur
394 1096 560 1154 Marcellum
571 1097 717 1154 Hannibal
729 1098 891 1156 interemitl
928 1100 988 1157 Cur

143 1176 277 1234 Paullum
292 1176 408 1234 Cannae
423 1176 613 1234 sustuleruntl
644 1176 703 1234 Gur
713 1177 877 1235 Poenorum
889 1179 986 1237 crude-

143 1256 220 1314 litati
233 1256 338 1332 Reguli
351 1276 455 1334 corpus
469 1263 512 1314 est
525 1256 706 1333 praebituml
742 1256 802 1314 Cur
815 1258 985 1316 Africanum

143 1337 295 1395 domestici
306 1337 429 1413 parietes
443 1356 502 1394 non
513 1338 664 1394 texerunt?
700 1335 757 1394 Sed
768 1337 838 1395 haec
849 1345 944 1395 vetera
957 1346 987 1396 et

124 1415 199 1474 'alia
219 1416 378 1493 permulta:
400 1416 536 1494 propiora
553 1416 709 1474 videamus.
752 1416 811 1474 Cur
831 1417 986 1474 aurnoulus

143 1495 681 1573 rneus,virinnocentissimusidemque
690 1495 880 1567 doctissimus,
889 1496 921 1554 P.
930 1497 987 1554 Ru-

143 1576 231 1647 tilius,
242 1576 272 1632 in
286 1576 386 1633 exsilio
401 1577 462 1634 estl
483 1595 533 1633 cur
547 1575 652 1632 sodalis
666 1595 746 1633 meus
757 1571 926 1634 iuterfeotus
937 1577 986 1634 do-

143 1656 205 1714 mui
222 1675 296 1727 suae,
311 1655 443 1714 Drususl
464 1675 515 1713 cur
534 1656 741 1730 temperantiae
762 1655 986 1734 prudentiaeque

143 1736 289 1812 specimen
303 1743 370 1794 ante
384 1735 565 1793 simulacrum
577 1735 684 1794 Vestae
698 1737 831 1812 pontifex
844 1737 987 1794 maximus

143 1823 188 1874 est
199 1814 233 1884 Q
244 1815 378 1873 Scaevola
389 1815 565 1873 trucidatus?
586 1834 636 1872 cur
650 1823 716 1874 ante
730 1817 817 1874 etiam
831 1823 877 1873 tot
890 1817 987 1874 civita·

143 1896 182 1954 tis
199 1895 342 1972 principes
359 1915 376 1952 a
392 1896 486 1954 Cinna
502 1895 687 1971 interemptil
707 1915 758 1952 cur
778 1896 907 1953 omnium
925 1916 987 1973 pcr-

143 1975 344 2032 fidiosissimus
365 1975 396 2032 O.
413 1974 521 2032 Marius
541 1973 576 2043 Q,
588 1973 722 2032 Catulum
744 1976 988 2052 praestantissima

143 2055 287 2132 dignitate
302 2055 395 2112 virum
411 2055 485 2112 mori
500 2055 597 2131 potuit
611 2054 726 2113 iuberet
768 2061 814 2113 81.
832 2055 903 2113 Dies
920 2055 987 2113 defi-

144 2135 210 2205 ciat,
223 2134 247 2191 si
263 2134 349 2192 velim
370 2153 518 2192 numerare
535 2133 639 2211 quibus
655 2134 740 2192 bonis
761 2135 835 2192 male
852 2136 985 2207 evenerit,

144 2234 197 2272 nec
211 2214 315 2285 minus,
326 2214 351 2271 si
361 2233 584 2273 commemorem
599 2213 703 2290 quibus
713 2215 853 2291 improbis
868 2215 985 2292 optime.

144 2294 205 2351 Cur
221 2294 298 2351 enim
315 2293 422 2351 Marius
438 2301 498 2351 tara
512 2293 636 2352 feliciter
652 2295 808 2372 septimum
824 2295 923 2352 consul
938 2295 988 2352 do-

143 2373 207 2431 mui
224 2393 290 2430 suae
307 2393 393 2431 senex
410 2381 453 2431 est
469 2374 618 2431 mortuusl
638 2393 689 2431 cur
705 2373 835 2430 omnium
855 2374 988 2432 crudelis-

144 2454 235 2510 simus
254 2460 315 2510 tam
336 2453 386 2510 diu
407 2452 501 2511 Cinna
520 2453 668 2529 regnavit?
708 2454 751 2510 At
771 2453 852 2510 dedit
870 2473 985 2530 poenas.

144 2532 291 2592 XXXIII.
310 2532 461 2590 Prohiberi
482 2533 584 2590 melius
600 2533 658 2590 fuit
675 2532 865 2610 impedirique
885 2551 921 2592 ne
942 2541 988 2592 tot

144 2632 273 2670 summos
284 2612 360 2670 viros
370 2611 542 2670 interficeret
553 2631 639 2689 quarn
650 2613 745 2690 ipsum
757 2612 910 2688 aliquando
921 2633 988 2690 poe-

144 2712 196 2750 nas
212 2692 287 2750 dare.
330 2691 451 2750 Summo
468 2692 596 2750 cruciatu
613 2692 811 2770 supplicioque
828 2691 861 2760 Q.
872 2692 986 2764 Varius,

143 2773 234 2829 homo
245 2772 516 2848 importunissimae,
526 2772 626 2848 periit:
644 2773 676 2842 si,
686 2773 752 2849 quia
762 2771 890 2829 Drusum
901 2773 986 2843 ferro,

144 2851 293 2911 Metellum
314 2871 424 2909 veneno
446 2852 605 2922 sustulerat,
621 2851 685 2908 illos
705 2852 865 2909 conservari
886 2851 988 2909 melius

143 2932 203 2989 fuit
217 2951 302 3009 quam
317 2951 425 3009 poenas
439 2931 551 2989 sceleris
562 2931 683 2989 Varium
697 2931 829 3008 pendere.
871 2930 988 2988 Duode

145 3011 334 3088 quadraginta
345 3031 435 3068 annos
445 3010 604 3087 Dionysius
615 3018 754 3087 tyrannus
764 3011 822 3068 fuit
833 3010 987 3087 opulentis-

144 3092 234 3148 simae
244 3098 274 3150 et
282 3091 463 3150 beatissimae
472 3091 604 3148 civitatis.
640 3095 686 3147 82.
699 3089 791 3158 Quam
804 3089 910 3146 multos
921 3096 987 3147 ante

144 3170 222 3229 hunc
236 3171 267 3229 in
278 3172 341 3248 ipso
355 3171 490 3230 Graeciae
500 3169 570 3228 flore
581 3169 765 3227 Pisistratus!
795 3169 838 3228 At
849 3168 986 3240 Phalaris
