2224 3446
146 115 196 163 240
407 115 457 163 DE
473 113 724 166 DIVINATIONE.

146 235 179 272 ao
193 215 319 273 tertium.
362 214 441 273 Num
454 216 551 292 igitur,
561 222 595 272 ut
605 216 703 292 inepti,
713 215 833 274 Veneris
843 215 874 272 id
884 213 987 292 impul·

146 314 179 352 su
194 294 255 352 fieri
266 295 408 354 malumus
423 315 509 372 quam
523 315 589 353 casu
604 296 715 353 diceret
752 294 837 363 Quod
848 295 872 352 si
885 297 987 352 ceteris

145 375 324 451 temporibus
338 375 418 432 falsis
433 376 499 432 visis
512 375 684 432 credendum
696 393 755 432 non
769 383 820 446 est,
833 394 890 432 non
901 375 987 432 video

147 455 216 531 quid
232 456 379 534 praecipui
400 474 517 512 somnus
533 454 645 525 habeat,
659 455 690 511 in
708 474 765 532 quo
786 455 898 512 valeant
914 455 987 512 falsa

145 553 198 610 pro
219 535 300 593 veris.
341 541 410 592 -122,
433 534 519 602 Quod
535 534 560 591 si
576 535 617 592 ita
633 542 734 591 natura
750 541 880 611 paratum
902 541 985 603 esset,

146 622 179 671 ut
192 634 226 672 ea
235 614 411 673 dormientes
425 621 548 690 agerent,
562 632 634 690 quae
645 614 826 685 somniarent,
839 613 987 690 adligandi

146 713 246 751 omnes
257 702 350 752 essent
361 695 410 772 qui
422 693 551 752 cubitum
562 694 643 752 irent.
678 693 800 752 Maiores
811 694 886 751 enirn
899 713 987 770 quam

145 773 197 831 ulli
210 775 304 832 insani
318 774 461 833 efficerent
475 781 571 832 motus
585 773 767 831 somniantes,
810 773 896 841 Quod
909 774 933 830 si
944 774 988 831 iu·

145 873 279 911 sanorum
294 855 361 911 visis
375 854 446 912 fides
459 873 518 911 non
533 861 577 912 est
590 853 729 924 habenda,
743 853 809 931 quia
823 854 895 911 falsa
908 861 985 925 sunt,

145 953 195 990 cur
219 933 350 992 credatur
372 935 577 992 somniantium
600 934 675 1005 visis,
691 953 763 1010 quae
785 934 877 992 multo
898 934 987 991 etiam

145 1014 355 1089 perturbatiora
371 1021 445 1086 sunt,
461 1034 520 1071 non
537 1013 681 1090 intellego.
724 1014 773 1070 An
798 1013 876 1090 quod
892 1014 987 1072 insani

145 1113 196 1150 sua
212 1095 272 1151 visa
289 1095 443 1152 coniectori
457 1114 516 1152 non
533 1105 656 1165 narrant,
668 1100 784 1151 narrant
801 1094 851 1170 qui
864 1095 988 1150 somnia-

145 1175 263 1231 veruntt
300 1174 412 1242 Quaero
427 1175 521 1246 etiam,
534 1175 558 1232 si
572 1174 656 1232 velim
673 1173 793 1231 scribere
809 1173 878 1250 quid
889 1180 939 1230 aut
949 1174 988 1231 le

144 1272 211 1329 gere
225 1261 275 1312 aut
289 1274 388 1312 cauere
402 1254 445 1312 vel
461 1274 529 1312 voce
543 1255 586 1312 vel
597 1254 702 1311 fidibus
716 1261 766 1311 aut
779 1253 987 1330 geometricum

146 1334 282 1409 quiddam
307 1342 357 1392 aut
380 1334 532 1412 physicum
557 1341 607 1391 aut
630 1334 811 1392 dialecticum
836 1333 985 1410 explicare,

145 1415 326 1472 somniumne
343 1415 566 1491 exspectandum
581 1415 668 1471 sitan
683 1434 728 1472 ars
742 1412 912 1483 adhibenda,
925 1413 986 1470 sine

146 1513 202 1570 qua
215 1494 287 1552 nihil
302 1514 398 1552 earum
412 1513 506 1552 rerum
520 1514 572 1551 nec
587 1493 647 1551 fieri
661 1513 713 1551 nec
731 1493 858 1570 expediri
871 1495 987 1570 potest?

145 1575 245 1650 Atqui,
258 1594 293 1631 ne
308 1575 332 1632 si
346 1575 478 1652 navigare
496 1574 612 1650 quidem
626 1573 721 1644 velim,
734 1574 774 1630 ita
787 1573 984 1650 gubernarem,

145 1660 179 1710 nt
201 1655 408 1712 somniaverim.
451 1654 588 1711 Praesens
613 1654 689 1710 enim
710 1671 805 1728 poena
828 1653 873 1710 sit.
918 1659 984 1710 123.

146 1732 203 1800 Qui
219 1733 307 1809 igitur
327 1734 460 1792 convenit
477 1753 576 1810 aegros
593 1753 610 1790 a
626 1733 786 1791 coniectore
807 1732 985 1790 somniorum

145 1813 243 1889 potius
260 1833 345 1890 quam
362 1834 379 1870 a
395 1814 508 1872 medico
524 1821 620 1890 petere
637 1813 826 1870 medicinam?
867 1812 915 1868 An
929 1813 986 1869 Ae-

146 1892 287 1968 sculapius
310 1913 345 1950 an
368 1894 481 1968 Serapis
503 1900 600 1969 potest
621 1893 705 1950 nobis
727 1891 916 1969 praescribere
935 1911 987 1968 per

145 1973 289 2028 somnium
312 1974 488 2030 curationem
513 1973 691 2041 valetudinis,
710 1972 864 2048 Neptunus
885 1972 986 2048 guber·

146 2051 280 2108 nantibus
295 2071 351 2108 uon
367 2054 481 2128 potest?
502 2061 531 2110 et
545 2053 606 2110 sine
620 2053 733 2110 medico
747 2052 921 2109 medicinam
938 2051 986 2108 da-

145 2131 190 2187 bit
206 2131 341 2200 Minerva,
355 2132 452 2189 Musae
469 2132 619 2203 scribendi,
632 2131 755 2208 legendi,
770 2139 986 2189 ceterarumar·

146 2211 219 2268 tium
244 2211 390 2268 scientiam
416 2212 625 2269 somniantibus
645 2231 703 2269 non
728 2211 857 2269 dabunt?
897 2211 939 2269 At
962 2212 986 2268 si

145 2291 254 2348 curatio
276 2291 390 2348 daretur
406 2292 584 2361 valetudinis
600 2292 669 2349 haec
687 2310 810 2368 quoque,
826 2310 898 2368 quae
915 2291 984 2361 dixi,

146 2369 288 2428 darentur.
331 2370 410 2439 Quae
425 2373 561 2448 quoniam
575 2391 634 2428 non
648 2371 761 2442 dantur,
773 2370 916 2428 medicina
928 2391 986 2428 non

146 2449 237 2507 datur.
280 2450 342 2518 Qua
357 2450 468 2508 sublata
481 2451 591 2508 tollitur
606 2452 699 2508 omnis
713 2451 867 2509 auctoritas
882 2452 988 2508 somni-

146 2548 236 2586 orum.

185 2608 247 2666 LX.
292 2613 356 2667 124.
379 2609 436 2667 Sed
450 2610 519 2668 haee
537 2629 650 2688 quoque
664 2611 693 2667 in
708 2617 846 2688 promptu
859 2610 986 2668 fuerint:

145 2707 221 2746 nunc
235 2689 371 2746 interiora
388 2690 541 2747 videamus.
579 2691 641 2747 Aut
652 2691 730 2747 enim
742 2691 839 2747 divina
849 2691 892 2747 vis
903 2710 987 2767 quae-

146 2768 212 2824 dam
227 2768 376 2826 consulens
389 2770 473 2827 nobis
488 2770 664 2828 somniomm
679 2769 901 2846 significationes
915 2770 987 2826 facit

145 2855 195 2904 aut
212 2849 386 2906 coniectores
402 2868 437 2906 ex
455 2850 577 2926 quadam
595 2849 793 2910 convenientia
809 2856 839 2907 et
852 2850 987 2907 coniunc-

145 2926 224 2984 tioue
241 2934 366 2999 naturae,
379 2947 464 3004 quam
482 2937 586 2987 vocant
600 2929 783 3004 συμπάθειαν,
796 2929 866 3007 quid
882 2929 986 3005 cuique

145 3007 186 3061 rei
200 3008 351 3064 conveniat
365 3026 399 3064 ex
413 3009 532 3065 somniis
543 3016 572 3066 et
583 3009 652 3085 quid
664 3028 806 3086 quamque
817 3027 877 3066 rem
889 3028 986 3085 sequa-

146 3092 193 3139 tur
207 3085 378 3161 intellegunt
392 3094 441 3144 aut
455 3107 553 3145 eorum
568 3096 701 3146 neutrum
717 3098 767 3160 est,
780 3089 830 3145 sed
845 3089 987 3166 quaedam

146 3162 304 3220 observatio
322 3172 455 3222 constans
470 3174 555 3242 atque
568 3168 705 3226 diuturna
718 3176 769 3239 est,
781 3187 847 3225 cum
862 3169 933 3244 quid
948 3168 987 3223 vi«
