2224 3446
137 122 185 168 204
398 119 447 168 DE
466 118 715 168 DIVINATIONE.

137 220 270 277 Marcone
292 218 394 276 Crasso
411 226 496 296 putas
516 219 586 275 utile
607 219 696 275 fuisse
716 224 788 288 turn,
804 237 870 275 cnm
890 219 979 276 maxi-

136 300 191 356 mis
209 298 311 376 opibus
326 300 508 376 fortunisque
525 297 652 370 florebat,
668 298 739 355 scire
756 297 811 354 sibi
824 298 979 356 interfecto

136 379 241 437 Publio
252 378 311 435 filio
326 379 508 455 exercituque
523 377 617 435 deleto
632 384 709 435 trans
721 377 897 454 Euphratem
911 397 979 434 cum

136 459 295 536 ignomInia
321 465 350 515 et
373 458 512 514 dedecore
535 477 594 514 esse
617 457 814 534 pereunduml
854 457 901 515 An
924 457 978 515 Cn.

136 540 309 616 Pompeium
324 557 422 596 censes
433 537 525 594 tribus
540 537 599 594 suis
613 537 815 608 consulatibus,
827 536 919 594 tribus
930 538 980 594 tri-

135 619 259 697 umphis,
272 620 460 676 maximarum
478 637 572 674 rerum
586 616 679 693 gloria
692 617 865 674 laetaturum
879 617 977 688 fuisse,

136 702 160 756 si
174 701 258 757 sciret
272 719 301 756 se
315 701 345 756 in
361 697 515 755 solitudine
526 697 739 773 Aegyptiorum
754 696 929 754 trucidatum
943 697 980 754 iri

135 780 239 836 amisso
262 779 396 849 exercitu,
414 784 620 854 postmortem
639 795 705 833 vero
729 795 762 833 ea
782 783 978 846 consecutura,

136 878 207 935 quae
222 859 282 916 sine
299 859 423 916 lacrimis
437 876 495 914 non
510 875 662 934 possumus
677 856 789 913 diceret
830 862 877 913 23.
900 855 980 924 Quid

135 957 202 994 vero
219 937 368 995 Gaesarem
385 945 527 1015 putamus,
546 937 569 994 si
587 937 742 993 divinasset
758 936 821 992 fore
842 935 921 992 utin
943 955 979 994 eo

135 1024 243 1088 senatu,
256 1037 341 1094 quem
358 1019 466 1074 maiore
483 1037 517 1075 ex
531 1025 611 1094 parte
625 1017 687 1093 ipsc
705 1022 874 1092 cooptasset,
887 1015 917 1071 in
932 1035 980 1072 cu-

135 1098 177 1154 ria
197 1097 345 1174 Pompeia,
367 1105 433 1155 ante
457 1098 546 1174 ipsius
570 1097 694 1173 Pompei
719 1094 909 1166 simulacrum,
932 1102 979 1153 tot

135 1178 349 1235 centurionibus
364 1178 421 1234 suis
435 1177 669 1254 inspectantibus,
682 1197 698 1233 a
712 1176 897 1233 nobilissimis
912 1176 980 1233 civi-

135 1257 196 1329 bus,
212 1258 316 1334 partim
331 1259 416 1315 etiarn
435 1277 452 1314 a
469 1277 498 1314 se
515 1256 648 1313 omnibus
664 1257 748 1313 rebus
766 1256 880 1326 ornatis,
892 1257 979 1314 truci-

135 1337 219 1394 datus
233 1338 273 1394 ita
287 1338 397 1407 iaceret,
410 1345 443 1394 ut
458 1337 565 1394 adeius
579 1355 683 1413 corpus
697 1356 755 1393 non
770 1336 859 1393 modo
874 1337 979 1394 amico-

135 1418 325 1488 1·um,sedne
347 1436 491 1473 servorum
514 1417 630 1492 quidem
649 1417 800 1494 quisquam
822 1417 976 1488 accederet,

136 1515 192 1573 qno
217 1497 344 1554 cruciatu
368 1497 456 1552 animi
479 1497 566 1553 vitam
592 1503 721 1553 acturum
745 1496 850 1553 fuisse!
892 1498 978 1554 (lerte

134 1577 224 1653 igitur
236 1577 380 1653 ignoratio
391 1577 554 1633 futurorum
569 1575 708 1633 malorum
725 1577 823 1634 utilior
836 1582 879 1633 est
891 1597 977 1653 quam

135 1657 260 1714 scientia
304 1661 349 1713 24.
373 1655 448 1713 Nam
465 1655 537 1712 illud
555 1656 671 1733 quidem
692 1656 758 1725 dici,
777 1657 942 1733 praesertim
961 1677 978 1714 a

135 1735 247 1805 Stoicis,
270 1735 349 1792 nullo
373 1735 461 1792 modo
485 1741 598 1811 potest:
628 1735 723 1792 “Non
748 1737 817 1793 isset
838 1736 875 1793 ad
899 1757 978 1794 arma

135 1815 307 1892 Pompeius:
330 1834 388 1871 non
405 1815 552 1872 transisset
569 1814 687 1872 Crassus
701 1815 895 1892 Euphratem:
917 1836 977 1874 non

135 1895 304 1971 suscepisset
320 1894 426 1951 bellum
444 1894 526 1951 civile
543 1893 673 1952 Caesar.''
716 1895 784 1952 Non
800 1897 890 1972 igitur
905 1896 978 1954 fata-

134 1974 174 2031 les
192 1975 283 2031 exitus
300 1973 467 2031 habuerunt.
510 1973 608 2032 Vultis
629 1981 725 2032 autern
747 1977 859 2033 evenire
879 1977 978 2033 omnia

134 2055 215 2110 fato:
243 2053 315 2110 nihil
343 2073 411 2130 ergo
436 2053 492 2110 illis
516 2055 673 2131 profuisset
700 2055 836 2113 divinare.
879 2055 977 2132 Atque

134 2135 220 2191 etiam
239 2152 353 2190 ornnem
371 2134 497 2190 fructum
516 2134 591 2191 vitae
609 2135 762 2211 superioris
776 2135 975 2212 perdidissent

134 2213 211 2282 Quid
222 2213 297 2270 enim
313 2221 409 2290 posset
420 2214 456 2269 iis
470 2233 530 2270 esse
541 2214 647 2272 laetum
663 2215 755 2275 exitus
770 2235 836 2272 suos
851 2216 978 2292 cogitan-

134 2293 229 2351 tibusl
271 2292 323 2363 Ita,
337 2312 453 2370 quoquo
468 2313 497 2351 se
511 2295 634 2351 veterint
648 2293 746 2364 Stoici,
759 2295 850 2353 iaceat
863 2314 978 2352 necesse

134 2380 177 2431 est
191 2373 285 2430 omnis
300 2393 398 2430 eorum
413 2373 545 2431 sollertia
582 2373 613 2430 Si
628 2375 704 2432 enim
718 2374 757 2444 id,
771 2375 849 2451 quod
863 2382 979 2432 eventu-

133 2473 196 2509 rum
212 2461 262 2523 est,
274 2453 319 2510 vel
329 2453 385 2511 hoc
399 2454 443 2510 vel
455 2453 504 2510 illo
519 2453 606 2511 modo
618 2461 714 2530 potest
728 2456 848 2526 evenire,
860 2455 979 2512 fortuna

133 2533 208 2590 valet
229 2533 394 2610 plurimum.
438 2532 517 2601 Quae
540 2541 635 2592 autem
660 2535 781 2592 fortuita
805 2541 879 2605 sunt,
900 2541 979 2592 certa

134 2631 193 2670 esse
209 2632 268 2669 non
283 2620 413 2690 possunt.
455 2613 507 2669 Sin
524 2620 620 2670 autem
637 2621 746 2672 certum
764 2621 808 2672 est
824 2614 894 2692 quid
911 2634 986 2691 qua·-

135 2711 189 2768 que
200 2692 235 2748 de
250 2712 279 2750 rc
295 2713 409 2771 quoque
419 2700 549 2769 ternpore
560 2695 690 2751 futurum
706 2695 750 2763 sit,
764 2694 834 2770 quid
845 2701 888 2751 est
899 2693 979 2770 qnod

133 2790 179 2827 me
204 2771 340 2830 adiuvent
365 2773 536 2849 haruspices,
557 2793 623 2830 cum
647 2794 691 2832 res
714 2775 891 2831 tristissimas
913 2793 979 2851 por
1019 2841 1021 2844 .
1099 2781 1100 2790 ’

133 2851 213 2906 tendi
227 2852 379 2908 dixcmntl

173 2929 210 2986 X.
244 2936 290 2986 25.
303 2931 426 2987 Addunt
440 2930 475 2986 ad
491 2938 650 2988 extremum
665 2933 762 2989 omnia
776 2932 866 2990 levius
880 2951 978 2990 casura

134 3007 217 3063 rebus
238 3009 342 3065 divinis
363 3010 529 3085 procuratis.
572 3011 603 3067 Si
625 3006 728 3089 [enim]
750 3012 823 3068 nihil
844 3011 877 3069 fit
898 3019 978 3068 extra

134 3084 235 3155 fatum,
246 3087 316 3143 nihil
331 3088 417 3144 levari
431 3108 461 3144 re
476 3088 572 3145 divina
586 3098 689 3166 potest.
732 3091 798 3148 Hoc
815 3093 903 3148 sentit
916 3092 979 3148 Ho-

134 3181 236 3233 merus,
252 3184 316 3220 cum
339 3174 503 3238 querentem
522 3168 619 3225 Iovem
641 3170 761 3242 inducit,
779 3171 857 3246 quod
878 3171 977 3247 Sarpc
