2224 3446
133 93 180 140 180
391 92 441 140 DE
457 91 708 141 DIVINATIONE.

132 194 178 246 94.
201 188 311 247 Arabes
325 196 420 252 autem
437 197 466 247 et
482 189 613 266 Phryges
628 197 657 247 et
670 189 782 260 Cilices,
796 189 873 266 quod
887 197 975 267 pastu

130 269 274 346 pecudum
289 270 413 326 maxime
428 277 555 341 utuntur,
569 288 685 346 campos
702 276 732 326 et
748 277 861 327 montes
877 269 976 346 hieme

130 357 160 406 et
176 355 283 406 aestate
300 357 490 426 peragrantes
504 357 655 426 propterea
671 349 785 406 facilius
801 356 902 407 cantus
916 351 976 408 avi-

130 449 180 486 um
205 436 235 486 et
256 429 368 486 volatus
390 436 569 487 notaverunt.
612 429 777 506 Eademque
794 436 824 486 et
846 429 976 488 Pisidiae

131 528 216 566 causa
228 509 286 566 fuit
297 515 327 566 et
340 508 407 566 huie
418 515 532 566 nostrae
544 507 690 566 Umbriae.
722 508 798 565 Tum
813 507 897 566 Caria
911 517 977 568 tota

130 589 338 666 praecipueque
355 587 520 660 Telmesses
537 607 609 665 quos
626 597 691 646 ante
708 588 777 660 dixi,
794 589 873 665 quod
889 609 976 666 agros

130 668 290 726 uberrimos
313 669 494 746 maximeque
518 667 628 725 fertiles
651 668 790 738 incolunt,
812 669 843 725 in
869 669 976 745 quibus

131 749 222 805 multa
238 755 357 824 propter
372 748 581 805 fecunditatem
598 747 669 824 fingi
685 748 824 825 gignique
841 756 974 825 possunt,

131 830 161 884 in
176 829 297 885 ostentis
311 827 571 885 animadvertendis
585 826 737 904 diligentes
751 829 877 885 fuerunt.

171 907 280 980 XLIII.
324 913 370 965 95.
393 906 465 976 Quis
479 927 545 964 vere
562 926 621 964 non
636 907 714 965 videt
731 908 760 964 in
779 909 890 984 optima
907 926 977 984 qua-

132 1007 186 1064 que
209 1006 238 1044 re
259 986 375 1063 publica
396 986 552 1064 plurimum
574 987 701 1064 auspicia
721 995 751 1044 et
772 987 882 1064 reliqua
902 989 977 1050 divi,-

131 1066 219 1123 nandi
233 1086 338 1143 genera
351 1067 490 1124 valuisse?
530 1066 601 1135 Quis
616 1087 664 1124 rex
679 1086 814 1144 umquam
830 1068 895 1138 fuit,
909 1069 976 1145 quis

131 1146 255 1224 populus
267 1147 316 1224 qui
330 1166 388 1204 non
401 1153 528 1204 uteretur
541 1146 736 1223 praedictione
747 1147 863 1205 divinal
879 1167 976 1225 neque

130 1226 224 1283 solum
242 1227 271 1283 in
289 1246 366 1303 pace,
383 1227 476 1284 sedin
494 1226 569 1284 bello
587 1226 679 1284 multo
697 1227 783 1284 etiam
800 1227 901 1304 magis,
915 1247 975 1304 quo

130 1308 223 1364 maius
238 1314 298 1364 erat
312 1314 454 1364 certamen
471 1300 512 1380 [et
526 1305 693 1384 discrimen]
709 1307 815 1364 salutis.
858 1306 975 1366 Omitto

131 1395 252 1456 nostros,
287 1387 315 1443 ui
329 1386 401 1444 nihil
415 1387 445 1443 in
460 1385 535 1444 bello
550 1387 611 1444 sine
626 1388 699 1444 extis
713 1394 811 1464 agunt,
823 1386 894 1444 nihil
911 1388 976 1446 sine

130 1406 362 1544 auspiciisldum
376 1466 484 1524 habent
497 1463 645 1544 auspicia].
680 1467 806 1524 Externa
816 1465 974 1526 videamus,

131 1545 264 1623 Namque
287 1553 316 1603 et
338 1546 530 1604 Athenienses
555 1546 689 1604 omnibus
714 1566 826 1624 semper
849 1546 976 1624 publicis

131 1627 257 1684 consiliis
278 1627 391 1683 divinos
415 1627 554 1703 quosdam
576 1627 745 1698 sacerdotes
767 1647 838 1704 quos
859 1626 975 1702 μάντεις

131 1713 243 1777 vocant,
261 1706 461 1776 adhibuerunt,
484 1713 512 1763 et
537 1706 755 1764 Lacedaemonii
777 1706 892 1783 regibus
915 1715 975 1766 suis

131 1805 268 1863 augurem
283 1786 455 1843 adsessorem
472 1786 621 1858 dedemnt,
633 1787 761 1864 itemque
775 1787 974 1845 senibus—sie

131 1867 207 1922 enim
223 1866 373 1923 consilium
388 1865 535 1942 publicum
550 1866 873 1943 appellant-augurem
887 1867 975 1924 inter-

131 1964 192 2002 esse
206 1944 364 2016 voluerunt‚
378 1946 522 2022 iidemque
536 1945 572 2002 de
586 1946 670 2003 rebus
686 1946 844 2004 maioribus
861 1965 974 2022 semper

131 2031 182 2082 aut
201 2023 323 2101 Delphis
341 2025 486 2082 oraculum
503 2034 553 2082 aut
574 2024 610 2082 ab
631 2025 796 2084 Hammone
813 2032 896 2084 anta
913 2025 974 2083 Do-

131 2105 208 2162 dona
222 2103 365 2180 petebant.
409 2110 455 2162 96.
474 2104 622 2182 Lyeurgus
633 2105 758 2182 quidem,
771 2106 821 2184 qui
835 2105 974 2164 Lacedae

131 2184 295 2242 monierum
310 2203 370 2240 rem
387 2183 531 2260 publicam
548 2186 727 2262 temperavit,
739 2186 816 2262 leges
830 2206 895 2243 suas
909 2205 975 2244 aue·

131 2264 248 2322 toritate
264 2263 408 2341 Apollinis
425 2264 561 2341 Delphici
582 2265 768 2323 confirmavit.
811 2265 888 2334 Quas
905 2285 972 2323 cum

131 2344 216 2402 vellet
240 2343 386 2422 Lysander
411 2351 595 2416 commutare,
616 2344 714 2402 eadem
741 2352 784 2402 est
808 2344 973 2422 prohibitus

131 2425 276 2502 religione.
318 2425 417 2502 Atque
438 2424 533 2494 etiam,
550 2425 600 2501 qui
619 2432 769 2500 praeerant
785 2424 974 2482 Laccdaemo-

132 2505 195 2576 niis,
217 2525 275 2562 non
301 2504 430 2563 contenti
454 2504 639 2582 vigilantibus
663 2505 737 2561 euris
761 2505 792 2561 in
813 2503 973 2581 Pasiphaae

131 2585 209 2655 fano,
230 2585 308 2661 quod
331 2593 374 2643 est
396 2586 425 2642 in
448 2605 517 2662 agro
539 2592 658 2662 propter
679 2585 788 2655 urbem,
809 2584 972 2642 somniandi

132 2684 216 2721 eausa
229 2664 411 2734 incubabant,
425 2666 491 2742 quia
501 2685 567 2723 vera
577 2664 682 2742 quietis
693 2665 806 2722 oracula
819 2663 971 2722 ducebant

133 2744 179 2798 97.
201 2741 251 2798 Ad
264 2749 363 2798 nostra
376 2743 432 2798 iam
448 2743 541 2800 redeo.
578 2743 718 2812 Quotiens
733 2751 848 2802 senatus
862 2742 973 2801 decem-

131 2820 208 2875 viros
224 2819 262 2875 ad
282 2818 369 2874 libros
385 2821 426 2876 ire
443 2821 533 2891 iussit,
547 2824 661 2898 quantis
677 2824 708 2880 in
725 2824 810 2881 rebus
827 2841 973 2901 quamque
998 2887 1001 2894 ,

132 2915 216 2971 saepe
238 2897 380 2970 responsis
403 2897 585 2976 haruspicum
607 2903 717 2977 paruit!
759 2903 834 2960 Nam
857 2911 972 2960 etcum

132 2975 190 3030 duo
205 2974 258 3030 visi
275 2974 348 3032 soles
362 2986 455 3034 essent
472 2987 502 3035 et
518 2999 582 3036 eum
598 2988 655 3037 tres
669 2981 752 3040 lunae
766 2990 795 3040 et
812 3003 879 3040 eum
896 2983 974 3040 faces

133 3060 241 3109 etcum
256 3053 298 3109 sol
312 3062 397 3112 nocte
411 3056 488 3113 visus
502 3064 576 3113 esset
593 3064 700 3116 etcum
716 3079 731 3117 e
746 3061 824 3117 caelo
839 3062 974 3118 fremitus

132 3131 247 3188 auditus
261 3137 290 3188 et
304 3151 370 3189 eum
383 3135 493 3192 eaelum
507 3134 668 3194 discessisse
680 3139 772 3195 visum
784 3145 827 3196 est
841 3145 928 3216 atque
943 3139 974 3197 in
