<?xml version="1.0" encoding="UTF-8"?>
<!DOCTYPE html PUBLIC "-//W3C//DTD XHTML 1.0 Transitional//EN"
    "http://www.w3.org/TR/xhtml1/DTD/xhtml1-transitional.dtd">
<html xmlns="http://www.w3.org/1999/xhtml" xml:lang="en" lang="en">
 <head>
  <title>
</title>
<meta http-equiv="Content-Type" content="text/html;charset=utf-8" />
  <meta name='ocr-system' content='tesseract 3.04.00' />
  <meta name='ocr-capabilities' content='ocr_page ocr_carea ocr_par ocr_line ocrx_word'/>
</head>
<body>
  <div class='ocr_page' id='page_1' title='image "./mtulliiciceroni106cicegoog/mtulliiciceroni106cicegoog_0230.png"; bbox 0 0 2224 3446; ppageno 0'>
   <div class='ocr_carea' id='block_1_1' title="bbox 222 121 963 184">
    <p class='ocr_par' dir='ltr' id='par_1_1' title="bbox 222 121 963 184">
     <span class='ocr_line' id='line_1_1' title="bbox 222 121 963 184; baseline -0.005 -10"><span class='ocrx_word' id='word_1_1' title='bbox 222 126 290 175; x_wconf 86' lang='lat' dir='ltr'><strong>LlB.</strong></span> <span class='ocrx_word' id='word_1_2' title='bbox 307 126 355 184; x_wconf 89' lang='lat' dir='ltr'><strong>II.,</strong></span> <span class='ocrx_word' id='word_1_3' title='bbox 372 124 449 173; x_wconf 82' lang='lat' dir='ltr'><strong>CAP.</strong></span> <span class='ocrx_word' id='word_1_4' title='bbox 469 122 731 183; x_wconf 73' lang='lat' dir='ltr'><strong>xxvm-xxxl,</strong></span> <span class='ocrx_word' id='word_1_5' title='bbox 744 121 758 180; x_wconf 66' lang='lat'>5</span> <span class='ocrx_word' id='word_1_6' title='bbox 773 125 862 171; x_wconf 81' lang='lat' dir='ltr'><strong>til-66.</strong></span> <span class='ocrx_word' id='word_1_7' title='bbox 914 124 963 170; x_wconf 80' lang='lat' dir='ltr'><strong>ale</strong></span> 
     </span>
    </p>
   </div>
   <div class='ocr_carea' id='block_1_2' title="bbox 126 222 912 1910">
    <p class='ocr_par' dir='ltr' id='par_1_2' title="bbox 190 222 901 1054">
     <span class='ocr_line' id='line_1_2' title="bbox 190 222 901 285; baseline -0.007 -13"><span class='ocrx_word' id='word_1_8' title='bbox 190 225 305 285; x_wconf 82' lang='lat' dir='ltr'>Namque</span> <span class='ocrx_word' id='word_1_9' title='bbox 316 237 401 271; x_wconf 90' lang='lat' dir='ltr'><strong>omnes</strong></span> <span class='ocrx_word' id='word_1_10' title='bbox 412 222 517 270; x_wconf 91' lang='lat' dir='ltr'><strong>memori</strong></span> <span class='ocrx_word' id='word_1_11' title='bbox 525 229 666 283; x_wconf 81' lang='lat' dir='ltr'>portentum</span> <span class='ocrx_word' id='word_1_12' title='bbox 674 228 758 269; x_wconf 90' lang='lat' dir='ltr'><strong>mente</strong></span> <span class='ocrx_word' id='word_1_13' title='bbox 769 227 901 282; x_wconf 75' lang='lat' dir='ltr'><strong>retentant,</strong></span> 
     </span>
     <span class='ocr_line' id='line_1_3' title="bbox 190 285 733 349; baseline -0.004 -15"><span class='ocrx_word' id='word_1_14' title='bbox 190 289 240 348; x_wconf 85' lang='lat' dir='ltr'><strong>Qui</strong></span> <span class='ocrx_word' id='word_1_15' title='bbox 251 303 300 336; x_wconf 93' lang='lat' dir='ltr'><strong>non</strong></span> <span class='ocrx_word' id='word_1_16' title='bbox 312 287 416 335; x_wconf 88' lang='lat' dir='ltr'><strong>funestis</strong></span> <span class='ocrx_word' id='word_1_17' title='bbox 427 287 551 349; x_wconf 89' lang='lat' dir='ltr'><strong>liquerunt</strong></span> <span class='ocrx_word' id='word_1_18' title='bbox 562 285 656 333; x_wconf 92' lang='lat' dir='ltr'><strong>lurnina</strong></span> <span class='ocrx_word' id='word_1_19' title='bbox 667 285 733 332; x_wconf 80' lang='lat' dir='ltr'><strong>fatis</strong></span> 
     </span>
     <span class='ocr_line' id='line_1_4' title="bbox 191 348 841 414; baseline -0.006 -14"><span class='ocrx_word' id='word_1_20' title='bbox 191 354 314 413; x_wconf 83' lang='lat' dir='ltr'><strong>Argolicis</strong></span> <span class='ocrx_word' id='word_1_21' title='bbox 326 353 433 414; x_wconf 88' lang='lat' dir='ltr'><strong>primurn</strong></span> <span class='ocrx_word' id='word_1_22' title='bbox 446 360 473 399; x_wconf 91' lang='lat' dir='ltr'><strong>ut</strong></span> <span class='ocrx_word' id='word_1_23' title='bbox 483 353 571 400; x_wconf 82' lang='lat' dir='ltr'><strong>vestita</strong></span> <span class='ocrx_word' id='word_1_24' title='bbox 582 361 620 398; x_wconf 90' lang='lat' dir='ltr'><strong>est</strong></span> <span class='ocrx_word' id='word_1_25' title='bbox 631 351 748 398; x_wconf 89' lang='lat' dir='ltr'><strong>classibus</strong></span> <span class='ocrx_word' id='word_1_26' title='bbox 759 348 841 407; x_wconf 89' lang='lat' dir='ltr'><strong>Aulis,</strong></span> 
     </span>
     <span class='ocr_line' id='line_1_5' title="bbox 190 416 898 478; baseline -0.007 -12"><span class='ocrx_word' id='word_1_27' title='bbox 190 419 260 478; x_wconf 86' lang='lat' dir='ltr'><strong>Quae</strong></span> <span class='ocrx_word' id='word_1_28' title='bbox 272 419 374 466; x_wconf 80' lang='lat' dir='ltr'><strong>Priamo</strong></span> <span class='ocrx_word' id='word_1_29' title='bbox 384 417 479 464; x_wconf 80' lang='lat' dir='ltr'>cladem</span> <span class='ocrx_word' id='word_1_30' title='bbox 491 425 516 464; x_wconf 90' lang='lat' dir='ltr'><strong>et</strong></span> <span class='ocrx_word' id='word_1_31' title='bbox 525 417 614 464; x_wconf 81' lang='lat' dir='ltr'><strong>Troiae</strong></span> <span class='ocrx_word' id='word_1_32' title='bbox 623 425 766 478; x_wconf 76' lang='lat' dir='ltr'><strong>pestemque</strong></span> <span class='ocrx_word' id='word_1_33' title='bbox 778 416 898 475; x_wconf 84' lang='lat' dir='ltr'><strong>ferebant,</strong></span> 
     </span>
     <span class='ocr_line' id='line_1_6' title="bbox 190 481 781 542; baseline -0.005 -11"><span class='ocrx_word' id='word_1_34' title='bbox 190 484 243 531; x_wconf 90' lang='lat' dir='ltr'><strong>Nos</strong></span> <span class='ocrx_word' id='word_1_35' title='bbox 255 484 348 531; x_wconf 90' lang='lat' dir='ltr'><strong>circum</strong></span> <span class='ocrx_word' id='word_1_36' title='bbox 359 482 443 529; x_wconf 88' lang='lat' dir='ltr'><strong>latices</strong></span> <span class='ocrx_word' id='word_1_37' title='bbox 454 482 548 542; x_wconf 86' lang='lat' dir='ltr'><strong>gelidos</strong></span> <span class='ocrx_word' id='word_1_38' title='bbox 559 481 711 529; x_wconf 86' lang='lat' dir='ltr'><strong>fumantibus</strong></span> <span class='ocrx_word' id='word_1_39' title='bbox 722 481 781 541; x_wconf 87' lang='lat' dir='ltr'><strong>aris,</strong></span> 
     </span>
     <span class='ocr_line' id='line_1_7' title="bbox 190 546 762 608; baseline -0.009 -12"><span class='ocrx_word' id='word_1_40' title='bbox 190 549 318 608; x_wconf 81' lang='lat' dir='ltr'><strong>Aurigeris</strong></span> <span class='ocrx_word' id='word_1_41' title='bbox 330 549 413 594; x_wconf 89' lang='lat' dir='ltr'><strong>divum</strong></span> <span class='ocrx_word' id='word_1_42' title='bbox 427 547 550 608; x_wconf 87' lang='lat' dir='ltr'><strong>placantes</strong></span> <span class='ocrx_word' id='word_1_43' title='bbox 561 547 665 594; x_wconf 90' lang='lat' dir='ltr'><strong>numina</strong></span> <span class='ocrx_word' id='word_1_44' title='bbox 677 546 762 606; x_wconf 85' lang='lat' dir='ltr'><strong>tauris,</strong></span> 
     </span>
     <span class='ocr_line' id='line_1_8' title="bbox 191 611 849 676; baseline -0.006 -15"><span class='ocrx_word' id='word_1_45' title='bbox 191 613 242 662; x_wconf 86' lang='lat' dir='ltr'><strong>Sub</strong></span> <span class='ocrx_word' id='word_1_46' title='bbox 253 614 353 676; x_wconf 86' lang='lat' dir='ltr'><strong>platano</strong></span> <span class='ocrx_word' id='word_1_47' title='bbox 364 612 504 670; x_wconf 89' lang='lat' dir='ltr'><strong>umbrifera,</strong></span> <span class='ocrx_word' id='word_1_48' title='bbox 513 612 568 660; x_wconf 84' lang='lat' dir='ltr'><strong>funs</strong></span> <span class='ocrx_word' id='word_1_49' title='bbox 580 612 645 659; x_wconf 91' lang='lat' dir='ltr'><strong>unde</strong></span> <span class='ocrx_word' id='word_1_50' title='bbox 656 621 755 658; x_wconf 88' lang='lat' dir='ltr'><strong>emanat</strong></span> <span class='ocrx_word' id='word_1_51' title='bbox 766 611 849 674; x_wconf 82' lang='lat' dir='ltr'><strong>aquai,</strong></span> 
     </span>
     <span class='ocr_line' id='line_1_9' title="bbox 190 677 782 738; baseline -0.003 -14"><span class='ocrx_word' id='word_1_52' title='bbox 190 679 306 726; x_wconf 85' lang='lat' dir='ltr'><strong>Vidimus</strong></span> <span class='ocrx_word' id='word_1_53' title='bbox 318 678 421 725; x_wconf 89' lang='lat' dir='ltr'><strong>immani</strong></span> <span class='ocrx_word' id='word_1_54' title='bbox 433 678 513 738; x_wconf 90' lang='lat' dir='ltr'><strong>specie</strong></span> <span class='ocrx_word' id='word_1_55' title='bbox 525 685 640 737; x_wconf 87' lang='lat' dir='ltr'><strong>tortuque</strong></span> <span class='ocrx_word' id='word_1_56' title='bbox 651 677 782 724; x_wconf 77' lang='lat' dir='ltr'><strong>draconem</strong></span> 
     </span>
     <span class='ocr_line' id='line_1_10' title="bbox 191 740 806 804; baseline -0.003 -14"><span class='ocrx_word' id='word_1_57' title='bbox 191 744 345 800; x_wconf 82' lang='lat' dir='ltr'><strong>Terribilem,</strong></span> <span class='ocrx_word' id='word_1_58' title='bbox 356 743 422 790; x_wconf 86' lang='lat' dir='ltr'><strong>Iovis</strong></span> <span class='ocrx_word' id='word_1_59' title='bbox 433 751 461 789; x_wconf 93' lang='lat' dir='ltr'><strong>ut</strong></span> <span class='ocrx_word' id='word_1_60' title='bbox 472 740 544 803; x_wconf 84' lang='lat' dir='ltr'><strong>pulsu</strong></span> <span class='ocrx_word' id='word_1_61' title='bbox 555 750 695 804; x_wconf 87' lang='lat' dir='ltr'><strong>penetraret</strong></span> <span class='ocrx_word' id='word_1_62' title='bbox 706 742 737 789; x_wconf 89' lang='lat' dir='ltr'><strong>ab</strong></span> <span class='ocrx_word' id='word_1_63' title='bbox 749 756 806 789; x_wconf 88' lang='lat' dir='ltr'><strong>ara:</strong></span> 
     </span>
     <span class='ocr_line' id='line_1_11' title="bbox 191 806 819 870; baseline -0.002 -15"><span class='ocrx_word' id='word_1_64' title='bbox 191 809 240 867; x_wconf 81' lang='lat' dir='ltr'><strong>Qut</strong></span> <span class='ocrx_word' id='word_1_65' title='bbox 252 808 346 870; x_wconf 86' lang='lat' dir='ltr'><strong>platani</strong></span> <span class='ocrx_word' id='word_1_66' title='bbox 356 807 382 854; x_wconf 93' lang='lat' dir='ltr'><strong>in</strong></span> <span class='ocrx_word' id='word_1_67' title='bbox 395 821 464 854; x_wconf 86' lang='lat' dir='ltr'><strong>ramo</strong></span> <span class='ocrx_word' id='word_1_68' title='bbox 476 806 592 854; x_wconf 88' lang='lat' dir='ltr'><strong>foliorum</strong></span> <span class='ocrx_word' id='word_1_69' title='bbox 603 808 711 866; x_wconf 83' lang='lat' dir='ltr'><strong>tegmine</strong></span> <span class='ocrx_word' id='word_1_70' title='bbox 722 815 819 868; x_wconf 89' lang='lat' dir='ltr'><strong>saeptos</strong></span> 
     </span>
     <span class='ocr_line' id='line_1_12' title="bbox 191 872 818 936; baseline -0.002 -16"><span class='ocrx_word' id='word_1_71' title='bbox 191 873 316 936; x_wconf 83' lang='lat' dir='ltr'><strong>Corripuit</strong></span> <span class='ocrx_word' id='word_1_72' title='bbox 327 872 424 934; x_wconf 86' lang='lat' dir='ltr'><strong>pullos:</strong></span> <span class='ocrx_word' id='word_1_73' title='bbox 444 887 507 934; x_wconf 86' lang='lat' dir='ltr'><strong>quos</strong></span> <span class='ocrx_word' id='word_1_74' title='bbox 518 887 575 919; x_wconf 90' lang='lat' dir='ltr'><strong>cnm</strong></span> <span class='ocrx_word' id='word_1_75' title='bbox 587 881 743 920; x_wconf 86' lang='lat' dir='ltr'><strong>consumeret</strong></span> <span class='ocrx_word' id='word_1_76' title='bbox 754 881 818 931; x_wconf 90' lang='lat' dir='ltr'><strong>octo,</strong></span> 
     </span>
     <span class='ocr_line' id='line_1_13' title="bbox 191 937 831 999; baseline -0.003 -13"><span class='ocrx_word' id='word_1_77' title='bbox 191 938 265 986; x_wconf 89' lang='lat' dir='ltr'><strong>Nona</strong></span> <span class='ocrx_word' id='word_1_78' title='bbox 276 952 349 999; x_wconf 88' lang='lat' dir='ltr'><strong>super·</strong></span> <span class='ocrx_word' id='word_1_79' title='bbox 359 937 464 985; x_wconf 90' lang='lat' dir='ltr'><strong>tremulo</strong></span> <span class='ocrx_word' id='word_1_80' title='bbox 475 937 583 996; x_wconf 79' lang='lat' dir='ltr'><strong>genitrix</strong></span> <span class='ocrx_word' id='word_1_81' title='bbox 594 937 709 995; x_wconf 86' lang='lat' dir='ltr'><strong>clangore</strong></span> <span class='ocrx_word' id='word_1_82' title='bbox 719 937 831 984; x_wconf 81' lang='lat' dir='ltr'><strong>volabat:</strong></span> 
     </span>
     <span class='ocr_line' id='line_1_14' title="bbox 192 1002 749 1054; baseline -0.004 -2"><span class='ocrx_word' id='word_1_83' title='bbox 192 1004 239 1054; x_wconf 78' lang='lat' dir='ltr'><strong>ca</strong></span> <span class='ocrx_word' id='word_1_84' title='bbox 251 1004 316 1051; x_wconf 84' lang='lat' dir='ltr'><strong>serus</strong></span> <span class='ocrx_word' id='word_1_85' title='bbox 328 1003 429 1049; x_wconf 89' lang='lat' dir='ltr'><strong>immnrri</strong></span> <span class='ocrx_word' id='word_1_86' title='bbox 441 1002 543 1050; x_wconf 88' lang='lat' dir='ltr'><strong>laniavit</strong></span> <span class='ocrx_word' id='word_1_87' title='bbox 554 1002 647 1049; x_wconf 88' lang='lat' dir='ltr'><strong>viscera</strong></span> <span class='ocrx_word' id='word_1_88' title='bbox 658 1016 749 1050; x_wconf 84' lang='lat' dir='ltr'><strong>morsu.</strong></span> 
     </span>
    </p>

    <p class='ocr_par' dir='ltr' id='par_1_3' title="bbox 126 1060 912 1910">
     <span class='ocr_line' id='line_1_15' title="bbox 126 1060 912 1129; baseline 0.003 -18"><span class='ocrx_word' id='word_1_89' title='bbox 126 1060 174 1112; x_wconf 86' lang='grc'><strong>64.</strong></span> <span class='ocrx_word' id='word_1_90' title='bbox 194 1069 276 1128; x_wconf 88' lang='lat' dir='ltr'><strong>Hauc,</strong></span> <span class='ocrx_word' id='word_1_91' title='bbox 287 1069 330 1115; x_wconf 92' lang='lat' dir='ltr'><strong>ubi</strong></span> <span class='ocrx_word' id='word_1_92' title='bbox 342 1077 393 1114; x_wconf 88' lang='lat' dir='ltr'><strong>tam</strong></span> <span class='ocrx_word' id='word_1_93' title='bbox 405 1076 502 1115; x_wconf 85' lang='lat' dir='ltr'><strong>teneros</strong></span> <span class='ocrx_word' id='word_1_94' title='bbox 514 1067 624 1115; x_wconf 90' lang='lat' dir='ltr'><strong>volucres</strong></span> <span class='ocrx_word' id='word_1_95' title='bbox 635 1075 788 1128; x_wconf 90' lang='lat' dir='ltr'><strong>matremque</strong></span> <span class='ocrx_word' id='word_1_96' title='bbox 800 1066 912 1129; x_wconf 85' lang='lat' dir='ltr'><strong>peremit,</strong></span> 
     </span>
     <span class='ocr_line' id='line_1_16' title="bbox 192 1131 755 1192; baseline -0.004 -12"><span class='ocrx_word' id='word_1_97' title='bbox 192 1133 241 1192; x_wconf 84' lang='lat' dir='ltr'><strong>Qui</strong></span> <span class='ocrx_word' id='word_1_98' title='bbox 253 1133 300 1180; x_wconf 88' lang='lat' dir='ltr'><strong>luci</strong></span> <span class='ocrx_word' id='word_1_99' title='bbox 313 1133 430 1192; x_wconf 83' lang='lat' dir='ltr'><strong>ediderat,</strong></span> <span class='ocrx_word' id='word_1_100' title='bbox 440 1134 537 1192; x_wconf 84' lang='lat' dir='ltr'><strong>genitor·</strong></span> <span class='ocrx_word' id='word_1_101' title='bbox 548 1132 679 1180; x_wconf 80' lang='lat' dir='ltr'><strong>Saturnius</strong></span> <span class='ocrx_word' id='word_1_102' title='bbox 688 1131 755 1178; x_wconf 88' lang='lat' dir='ltr'><strong>idem</strong></span> 
     </span>
     <span class='ocr_line' id='line_1_17' title="bbox 192 1197 725 1256; baseline -0.004 -12"><span class='ocrx_word' id='word_1_103' title='bbox 192 1198 297 1245; x_wconf 86' lang='lat' dir='ltr'><strong>Abdidit</strong></span> <span class='ocrx_word' id='word_1_104' title='bbox 308 1209 333 1246; x_wconf 91' lang='lat' dir='ltr'><strong>et</strong></span> <span class='ocrx_word' id='word_1_105' title='bbox 344 1198 405 1245; x_wconf 88' lang='lat' dir='ltr'><strong>duro</strong></span> <span class='ocrx_word' id='word_1_106' title='bbox 416 1197 524 1244; x_wconf 89' lang='lat' dir='ltr'><strong>firmarit</strong></span> <span class='ocrx_word' id='word_1_107' title='bbox 534 1197 644 1256; x_wconf 86' lang='lat' dir='ltr'><strong>tegmina</strong></span> <span class='ocrx_word' id='word_1_108' title='bbox 655 1211 725 1243; x_wconf 87' lang='lat' dir='ltr'><strong>saxo.</strong></span> 
     </span>
     <span class='ocr_line' id='line_1_18' title="bbox 192 1262 807 1311; baseline -0.005 -1"><span class='ocrx_word' id='word_1_109' title='bbox 192 1264 244 1311; x_wconf 86' lang='lat' dir='ltr'><strong>Nos</strong></span> <span class='ocrx_word' id='word_1_110' title='bbox 256 1271 337 1310; x_wconf 89' lang='lat' dir='ltr'><strong>autern</strong></span> <span class='ocrx_word' id='word_1_111' title='bbox 351 1263 431 1310; x_wconf 90' lang='lat' dir='ltr'><strong>timidi</strong></span> <span class='ocrx_word' id='word_1_112' title='bbox 443 1271 535 1310; x_wconf 87' lang='lat' dir='ltr'><strong>stantes</strong></span> <span class='ocrx_word' id='word_1_113' title='bbox 546 1262 659 1310; x_wconf 87' lang='lat' dir='ltr'><strong>mirabile</strong></span> <span class='ocrx_word' id='word_1_114' title='bbox 670 1268 807 1308; x_wconf 88' lang='lat' dir='ltr'><strong>monstrum</strong></span> 
     </span>
     <span class='ocr_line' id='line_1_19' title="bbox 192 1324 741 1376; baseline -0.004 -2"><span class='ocrx_word' id='word_1_115' title='bbox 192 1329 312 1376; x_wconf 89' lang='lat' dir='ltr'><strong>Vidimus</strong></span> <span class='ocrx_word' id='word_1_116' title='bbox 323 1329 349 1376; x_wconf 92' lang='lat' dir='ltr'><strong>iu</strong></span> <span class='ocrx_word' id='word_1_117' title='bbox 361 1329 447 1375; x_wconf 90' lang='lat' dir='ltr'><strong>mediis</strong></span> <span class='ocrx_word' id='word_1_118' title='bbox 459 1328 543 1374; x_wconf 89' lang='lat' dir='ltr'><strong>divum</strong></span> <span class='ocrx_word' id='word_1_119' title='bbox 555 1327 675 1376; x_wconf 89' lang='lat' dir='ltr'><strong>versarier·</strong></span> <span class='ocrx_word' id='word_1_120' title='bbox 685 1324 741 1373; x_wconf 82' lang='lat' dir='ltr'><strong>aris.</strong></span> 
     </span>
     <span class='ocr_line' id='line_1_20' title="bbox 192 1391 788 1442; baseline -0.005 -1"><span class='ocrx_word' id='word_1_121' title='bbox 192 1395 259 1441; x_wconf 89' lang='lat' dir='ltr'><strong>Trrm</strong></span> <span class='ocrx_word' id='word_1_122' title='bbox 271 1393 376 1442; x_wconf 83' lang='lat' dir='ltr'><strong>Calchas</strong></span> <span class='ocrx_word' id='word_1_123' title='bbox 388 1393 448 1440; x_wconf 88' lang='lat' dir='ltr'><strong>baec</strong></span> <span class='ocrx_word' id='word_1_124' title='bbox 461 1402 498 1440; x_wconf 89' lang='lat' dir='ltr'><strong>est</strong></span> <span class='ocrx_word' id='word_1_125' title='bbox 509 1393 597 1440; x_wconf 84' lang='lat' dir='ltr'><strong>fidenti</strong></span> <span class='ocrx_word' id='word_1_126' title='bbox 608 1406 667 1440; x_wconf 93' lang='lat' dir='ltr'><strong>voce</strong></span> <span class='ocrx_word' id='word_1_127' title='bbox 677 1391 788 1438; x_wconf 89' lang='lat' dir='ltr'><strong>locutus:</strong></span> 
     </span>
     <span class='ocr_line' id='line_1_21' title="bbox 193 1455 837 1520; baseline -0.003 -14"><span class='ocrx_word' id='word_1_128' title='bbox 193 1459 317 1518; x_wconf 79' lang='lat' dir='ltr'><strong>Quidnam</strong></span> <span class='ocrx_word' id='word_1_129' title='bbox 330 1468 452 1520; x_wconf 83' lang='lat' dir='ltr'><strong>torpentes</strong></span> <span class='ocrx_word' id='word_1_130' title='bbox 464 1457 544 1505; x_wconf 90' lang='lat' dir='ltr'><strong>subito</strong></span> <span class='ocrx_word' id='word_1_131' title='bbox 556 1457 717 1520; x_wconf 88' lang='lat' dir='ltr'><strong>obstipuistis‚</strong></span> <span class='ocrx_word' id='word_1_132' title='bbox 727 1455 837 1504; x_wconf 75' lang='lat' dir='ltr'><strong>Achivi?</strong></span> 
     </span>
     <span class='ocr_line' id='line_1_22' title="bbox 193 1522 812 1586; baseline -0.01 -14"><span class='ocrx_word' id='word_1_133' title='bbox 193 1525 272 1572; x_wconf 90' lang='lat' dir='ltr'><strong>Nobis</strong></span> <span class='ocrx_word' id='word_1_134' title='bbox 284 1524 343 1572; x_wconf 84' lang='lat' dir='ltr'><strong>haec</strong></span> <span class='ocrx_word' id='word_1_135' title='bbox 355 1531 468 1586; x_wconf 88' lang='lat' dir='ltr'><strong>portenta</strong></span> <span class='ocrx_word' id='word_1_136' title='bbox 479 1523 553 1570; x_wconf 92' lang='lat' dir='ltr'><strong>deum</strong></span> <span class='ocrx_word' id='word_1_137' title='bbox 565 1523 634 1571; x_wconf 89' lang='lat' dir='ltr'><strong>dedit</strong></span> <span class='ocrx_word' id='word_1_138' title='bbox 645 1522 697 1582; x_wconf 90' lang='lat' dir='ltr'><strong>ipse</strong></span> <span class='ocrx_word' id='word_1_139' title='bbox 709 1529 812 1579; x_wconf 90' lang='lat' dir='ltr'><strong>creator,</strong></span> 
     </span>
     <span class='ocr_line' id='line_1_23' title="bbox 193 1585 845 1648; baseline -0.008 -11"><span class='ocrx_word' id='word_1_140' title='bbox 193 1590 277 1638; x_wconf 88' lang='lat' dir='ltr'><strong>Tarda</strong></span> <span class='ocrx_word' id='word_1_141' title='bbox 286 1597 311 1636; x_wconf 91' lang='lat' dir='ltr'><strong>et</strong></span> <span class='ocrx_word' id='word_1_142' title='bbox 323 1604 377 1637; x_wconf 87' lang='lat' dir='ltr'><strong>sera</strong></span> <span class='ocrx_word' id='word_1_143' title='bbox 388 1588 470 1646; x_wconf 90' lang='lat' dir='ltr'><strong>nimis,</strong></span> <span class='ocrx_word' id='word_1_144' title='bbox 480 1588 523 1635; x_wconf 93' lang='lat' dir='ltr'><strong>sed</strong></span> <span class='ocrx_word' id='word_1_145' title='bbox 534 1588 601 1636; x_wconf 87' lang='lat' dir='ltr'><strong>fama</strong></span> <span class='ocrx_word' id='word_1_146' title='bbox 612 1603 641 1635; x_wconf 90' lang='lat' dir='ltr'><strong>ac</strong></span> <span class='ocrx_word' id='word_1_147' title='bbox 651 1587 724 1634; x_wconf 89' lang='lat' dir='ltr'><strong>laude</strong></span> <span class='ocrx_word' id='word_1_148' title='bbox 734 1585 845 1648; x_wconf 88' lang='lat' dir='ltr'><strong>perenni.</strong></span> 
     </span>
     <span class='ocr_line' id='line_1_24' title="bbox 193 1651 813 1716; baseline -0.006 -14"><span class='ocrx_word' id='word_1_149' title='bbox 193 1655 260 1702; x_wconf 91' lang='lat' dir='ltr'><strong>Nam</strong></span> <span class='ocrx_word' id='word_1_150' title='bbox 271 1664 331 1716; x_wconf 89' lang='lat' dir='ltr'><strong>quot</strong></span> <span class='ocrx_word' id='word_1_151' title='bbox 342 1668 399 1701; x_wconf 90' lang='lat' dir='ltr'><strong>ares</strong></span> <span class='ocrx_word' id='word_1_152' title='bbox 411 1662 490 1701; x_wconf 87' lang='lat' dir='ltr'><strong>taetro</strong></span> <span class='ocrx_word' id='word_1_153' title='bbox 501 1662 621 1701; x_wconf 86' lang='lat' dir='ltr'><strong>mactatas</strong></span> <span class='ocrx_word' id='word_1_154' title='bbox 632 1652 706 1700; x_wconf 88' lang='lat' dir='ltr'><strong>dente</strong></span> <span class='ocrx_word' id='word_1_155' title='bbox 717 1651 813 1710; x_wconf 86' lang='lat' dir='ltr'><strong>videtis,</strong></span> 
     </span>
     <span class='ocr_line' id='line_1_25' title="bbox 193 1717 825 1768; baseline -0.005 -1"><span class='ocrx_word' id='word_1_156' title='bbox 193 1721 243 1768; x_wconf 87' lang='lat' dir='ltr'><strong>Tot</strong></span> <span class='ocrx_word' id='word_1_157' title='bbox 254 1735 298 1766; x_wconf 87' lang='lat' dir='ltr'><strong>nos</strong></span> <span class='ocrx_word' id='word_1_158' title='bbox 310 1719 341 1766; x_wconf 92' lang='lat' dir='ltr'><strong>ad</strong></span> <span class='ocrx_word' id='word_1_159' title='bbox 353 1719 454 1766; x_wconf 83' lang='lat' dir='ltr'><strong>Troiam</strong></span> <span class='ocrx_word' id='word_1_160' title='bbox 466 1718 523 1766; x_wconf 90' lang='lat' dir='ltr'><strong>belli</strong></span> <span class='ocrx_word' id='word_1_161' title='bbox 534 1717 721 1765; x_wconf 84' lang='lat' dir='ltr'><strong>exanclabimus</strong></span> <span class='ocrx_word' id='word_1_162' title='bbox 732 1732 825 1764; x_wconf 87' lang='lat' dir='ltr'><strong>annos:</strong></span> 
     </span>
     <span class='ocr_line' id='line_1_26' title="bbox 193 1783 821 1845; baseline -0.002 -14"><span class='ocrx_word' id='word_1_163' title='bbox 193 1785 263 1844; x_wconf 85' lang='lat' dir='ltr'><strong>Quae</strong></span> <span class='ocrx_word' id='word_1_164' title='bbox 276 1785 371 1832; x_wconf 88' lang='lat' dir='ltr'><strong>decimo</strong></span> <span class='ocrx_word' id='word_1_165' title='bbox 382 1785 453 1831; x_wconf 89' lang='lat' dir='ltr'><strong>cadet</strong></span> <span class='ocrx_word' id='word_1_166' title='bbox 465 1793 490 1831; x_wconf 92' lang='lat' dir='ltr'><strong>et</strong></span> <span class='ocrx_word' id='word_1_167' title='bbox 501 1798 581 1845; x_wconf 88' lang='lat' dir='ltr'><strong>poena</strong></span> <span class='ocrx_word' id='word_1_168' title='bbox 592 1783 692 1830; x_wconf 86' lang='lat' dir='ltr'><strong>satiabit</strong></span> <span class='ocrx_word' id='word_1_169' title='bbox 703 1783 821 1830; x_wconf 77' lang='lat' dir='ltr'><strong>Achivos,</strong></span> 
     </span>
     <span class='ocr_line' id='line_1_27' title="bbox 193 1847 844 1910; baseline -0.008 -12"><span class='ocrx_word' id='word_1_170' title='bbox 193 1849 280 1898; x_wconf 86' lang='lat' dir='ltr'><strong>Edidit</strong></span> <span class='ocrx_word' id='word_1_171' title='bbox 291 1848 351 1895; x_wconf 84' lang='lat' dir='ltr'><strong>lruec</strong></span> <span class='ocrx_word' id='word_1_172' title='bbox 363 1847 482 1896; x_wconf 83' lang='lat' dir='ltr'><strong>Calchas:</strong></span> <span class='ocrx_word' id='word_1_173' title='bbox 503 1863 565 1910; x_wconf 88' lang='lat' dir='ltr'><strong>quae</strong></span> <span class='ocrx_word' id='word_1_174' title='bbox 577 1848 627 1895; x_wconf 86' lang='lat' dir='ltr'><strong>iarn</strong></span> <span class='ocrx_word' id='word_1_175' title='bbox 638 1857 737 1895; x_wconf 89' lang='lat' dir='ltr'><strong>matura</strong></span> <span class='ocrx_word' id='word_1_176' title='bbox 747 1847 844 1896; x_wconf 83' lang='lat' dir='ltr'><strong>ridetis.</strong></span> 
     </span>
    </p>
   </div>
   <div class='ocr_carea' id='block_1_3' title="bbox 128 1975 998 3254">
    <p class='ocr_par' dir='ltr' id='par_1_4' title="bbox 128 1975 998 3254">
     <span class='ocr_line' id='line_1_28' title="bbox 130 1975 971 2053; baseline -0.005 -17"><span class='ocrx_word' id='word_1_177' title='bbox 130 1985 176 2036; x_wconf 90' lang='lat'><strong>65.</strong></span> <span class='ocrx_word' id='word_1_178' title='bbox 199 1978 278 2047; x_wconf 77' lang='lat' dir='ltr'><strong>Quae</strong></span> <span class='ocrx_word' id='word_1_179' title='bbox 292 1979 408 2036; x_wconf 89' lang='lat' dir='ltr'><strong>tandem</strong></span> <span class='ocrx_word' id='word_1_180' title='bbox 419 1978 474 2034; x_wconf 90' lang='lat' dir='ltr'><strong>ista</strong></span> <span class='ocrx_word' id='word_1_181' title='bbox 488 1977 637 2052; x_wconf 81' lang='lat' dir='ltr'><strong>auguratio</strong></span> <span class='ocrx_word' id='word_1_182' title='bbox 652 1984 695 2033; x_wconf 91' lang='lat' dir='ltr'><strong>est</strong></span> <span class='ocrx_word' id='word_1_183' title='bbox 709 1995 743 2032; x_wconf 87' lang='lat' dir='ltr'><strong>cx</strong></span> <span class='ocrx_word' id='word_1_184' title='bbox 754 1975 914 2053; x_wconf 84' lang='lat' dir='ltr'><strong>passeribus</strong></span> <span class='ocrx_word' id='word_1_185' title='bbox 925 1995 971 2032; x_wconf 90' lang='lat' dir='ltr'><strong>an·</strong></span> 
     </span>
     <span class='ocr_line' id='line_1_29' title="bbox 128 2055 971 2134; baseline -0.005 -18"><span class='ocrx_word' id='word_1_186' title='bbox 128 2078 232 2116; x_wconf 89' lang='lat' dir='ltr'><strong>norum</strong></span> <span class='ocrx_word' id='word_1_187' title='bbox 247 2059 343 2134; x_wconf 90' lang='lat' dir='ltr'><strong>potius</strong></span> <span class='ocrx_word' id='word_1_188' title='bbox 358 2077 443 2134; x_wconf 89' lang='lat' dir='ltr'><strong>quam</strong></span> <span class='ocrx_word' id='word_1_189' title='bbox 458 2063 507 2114; x_wconf 87' lang='lat' dir='ltr'><strong>aut</strong></span> <span class='ocrx_word' id='word_1_190' title='bbox 520 2057 663 2114; x_wconf 90' lang='lat' dir='ltr'><strong>mensium</strong></span> <span class='ocrx_word' id='word_1_191' title='bbox 678 2064 728 2114; x_wconf 89' lang='lat' dir='ltr'><strong>aut</strong></span> <span class='ocrx_word' id='word_1_192' title='bbox 742 2057 871 2114; x_wconf 76' lang='lat' dir='ltr'><strong>dierumi</strong></span> <span class='ocrx_word' id='word_1_193' title='bbox 912 2055 971 2113; x_wconf 83' lang='lat' dir='ltr'><strong>Cur</strong></span> 
     </span>
     <span class='ocr_line' id='line_1_30' title="bbox 129 2136 998 2215; baseline -0.001 -19"><span class='ocrx_word' id='word_1_194' title='bbox 129 2146 226 2196; x_wconf 87' lang='lat' dir='ltr'><strong>autem</strong></span> <span class='ocrx_word' id='word_1_195' title='bbox 248 2138 283 2195; x_wconf 89' lang='lat' dir='ltr'><strong>dc</strong></span> <span class='ocrx_word' id='word_1_196' title='bbox 304 2137 470 2215; x_wconf 85' lang='lat' dir='ltr'><strong>passerculis</strong></span> <span class='ocrx_word' id='word_1_197' title='bbox 497 2137 688 2194; x_wconf 88' lang='lat' dir='ltr'><strong>coniecturam</strong></span> <span class='ocrx_word' id='word_1_198' title='bbox 707 2137 794 2208; x_wconf 78' lang='lat' dir='ltr'><strong>¹facit,</strong></span> <span class='ocrx_word' id='word_1_199' title='bbox 812 2139 842 2193; x_wconf 90' lang='lat' dir='ltr'><strong>in</strong></span> <span class='ocrx_word' id='word_1_200' title='bbox 867 2136 971 2213; x_wconf 88' lang='lat' dir='ltr'><strong>quibus</strong></span> <span class='ocrx_word' id='word_1_201' title='bbox 995 2188 998 2195; x_wconf 94' lang='lat'>.</span> 
     </span>
     <span class='ocr_line' id='line_1_31' title="bbox 129 2215 971 2293; baseline -0.004 -18"><span class='ocrx_word' id='word_1_202' title='bbox 129 2219 240 2276; x_wconf 90' lang='lat' dir='ltr'><strong>nullum</strong></span> <span class='ocrx_word' id='word_1_203' title='bbox 255 2227 314 2275; x_wconf 87' lang='lat' dir='ltr'><strong>erat</strong></span> <span class='ocrx_word' id='word_1_204' title='bbox 328 2225 496 2287; x_wconf 87' lang='lat' dir='ltr'><strong>monstrum,</strong></span> <span class='ocrx_word' id='word_1_205' title='bbox 509 2217 544 2274; x_wconf 89' lang='lat' dir='ltr'><strong>de</strong></span> <span class='ocrx_word' id='word_1_206' title='bbox 559 2216 681 2274; x_wconf 86' lang='lat' dir='ltr'><strong>dracone</strong></span> <span class='ocrx_word' id='word_1_207' title='bbox 695 2217 767 2284; x_wconf 88' lang='lat' dir='ltr'><strong>silet,</strong></span> <span class='ocrx_word' id='word_1_208' title='bbox 781 2217 838 2293; x_wconf 87' lang='lat' dir='ltr'><strong>qui,</strong></span> <span class='ocrx_word' id='word_1_209' title='bbox 850 2216 881 2272; x_wconf 89' lang='lat' dir='ltr'><strong>id</strong></span> <span class='ocrx_word' id='word_1_210' title='bbox 892 2215 971 2292; x_wconf 90' lang='lat' dir='ltr'><strong>quod</strong></span> 
     </span>
     <span class='ocr_line' id='line_1_32' title="bbox 129 2295 970 2375; baseline -0.007 -19"><span class='ocrx_word' id='word_1_211' title='bbox 129 2299 191 2356; x_wconf 90' lang='lat' dir='ltr'><strong>fieri</strong></span> <span class='ocrx_word' id='word_1_212' title='bbox 207 2317 265 2354; x_wconf 88' lang='lat' dir='ltr'><strong>nou</strong></span> <span class='ocrx_word' id='word_1_213' title='bbox 284 2298 386 2375; x_wconf 90' lang='lat' dir='ltr'><strong>potuit,</strong></span> <span class='ocrx_word' id='word_1_214' title='bbox 399 2297 528 2374; x_wconf 89' lang='lat' dir='ltr'><strong>lapideus</strong></span> <span class='ocrx_word' id='word_1_215' title='bbox 545 2297 651 2353; x_wconf 90' lang='lat' dir='ltr'><strong>dicitur</strong></span> <span class='ocrx_word' id='word_1_216' title='bbox 666 2297 779 2353; x_wconf 70' lang='lat' dir='ltr'><strong>factust</strong></span> <span class='ocrx_word' id='word_1_217' title='bbox 805 2295 970 2353; x_wconf 39' lang='lat' dir='ltr'><strong>,Postremo</strong></span> 
     </span>
     <span class='ocr_line' id='line_1_33' title="bbox 130 2375 969 2456; baseline -0.006 -21"><span class='ocrx_word' id='word_1_218' title='bbox 130 2378 201 2456; x_wconf 92' lang='lat' dir='ltr'><strong>quid</strong></span> <span class='ocrx_word' id='word_1_219' title='bbox 215 2377 307 2435; x_wconf 88' lang='lat' dir='ltr'><strong>simile</strong></span> <span class='ocrx_word' id='word_1_220' title='bbox 321 2375 407 2434; x_wconf 88' lang='lat' dir='ltr'><strong>habet</strong></span> <span class='ocrx_word' id='word_1_221' title='bbox 417 2396 512 2453; x_wconf 84' lang='lat' dir='ltr'><strong>passer</strong></span> <span class='ocrx_word' id='word_1_222' title='bbox 526 2377 626 2434; x_wconf 73' lang='lat' dir='ltr'><strong>annisi</strong></span> <span class='ocrx_word' id='word_1_223' title='bbox 667 2376 695 2432; x_wconf 92' lang='lat' dir='ltr'>N</span> <span class='ocrx_word' id='word_1_224' title='bbox 696 2395 742 2432; x_wconf 89' lang='lat' dir='ltr'><strong>am</strong></span> <span class='ocrx_word' id='word_1_225' title='bbox 758 2375 793 2431; x_wconf 90' lang='lat' dir='ltr'><strong>de</strong></span> <span class='ocrx_word' id='word_1_226' title='bbox 807 2394 899 2450; x_wconf 79' lang='lat' dir='ltr'><strong>angue</strong></span> <span class='ocrx_word' id='word_1_227' title='bbox 911 2375 969 2444; x_wconf 87' lang='lat' dir='ltr'><strong>ille,</strong></span> 
     </span>
     <span class='ocr_line' id='line_1_34' title="bbox 130 2454 971 2535; baseline -0.006 -20"><span class='ocrx_word' id='word_1_228' title='bbox 130 2459 180 2535; x_wconf 91' lang='lat' dir='ltr'><strong>qui</strong></span> <span class='ocrx_word' id='word_1_229' title='bbox 195 2457 289 2515; x_wconf 83' lang='lat' dir='ltr'><strong>Sullae</strong></span> <span class='ocrx_word' id='word_1_230' title='bbox 306 2457 438 2534; x_wconf 87' lang='lat' dir='ltr'><strong>apparuit</strong></span> <span class='ocrx_word' id='word_1_231' title='bbox 451 2456 621 2526; x_wconf 85' lang='lat' dir='ltr'><strong>immolanti,</strong></span> <span class='ocrx_word' id='word_1_232' title='bbox 634 2462 788 2530; x_wconf 89' lang='lat' dir='ltr'><strong>utrumque</strong></span> <span class='ocrx_word' id='word_1_233' title='bbox 801 2454 929 2523; x_wconf 88' lang='lat' dir='ltr'><strong>memini,</strong></span> <span class='ocrx_word' id='word_1_234' title='bbox 942 2461 971 2510; x_wconf 89' lang='lat' dir='ltr'><strong>et</strong></span> 
     </span>
     <span class='ocr_line' id='line_1_35' title="bbox 130 2533 972 2613; baseline -0.01 -18"><span class='ocrx_word' id='word_1_235' title='bbox 130 2538 247 2608; x_wconf 86' lang='lat' dir='ltr'><strong>Sullam,</strong></span> <span class='ocrx_word' id='word_1_236' title='bbox 260 2557 326 2594; x_wconf 90' lang='lat' dir='ltr'><strong>cum</strong></span> <span class='ocrx_word' id='word_1_237' title='bbox 337 2538 367 2592; x_wconf 91' lang='lat' dir='ltr'><strong>in</strong></span> <span class='ocrx_word' id='word_1_238' title='bbox 382 2538 594 2613; x_wconf 84' lang='lat' dir='ltr'><strong>expeditionem</strong></span> <span class='ocrx_word' id='word_1_239' title='bbox 609 2535 762 2592; x_wconf 83' lang='lat' dir='ltr'><strong>educturus</strong></span> <span class='ocrx_word' id='word_1_240' title='bbox 777 2541 857 2603; x_wconf 88' lang='lat' dir='ltr'><strong>esset,</strong></span> <span class='ocrx_word' id='word_1_241' title='bbox 870 2533 972 2588; x_wconf 90' lang='lat' dir='ltr'><strong>immo-</strong></span> 
     </span>
     <span class='ocr_line' id='line_1_36' title="bbox 129 2613 970 2693; baseline -0.007 -19"><span class='ocrx_word' id='word_1_242' title='bbox 129 2617 231 2674; x_wconf 88' lang='lat' dir='ltr'><strong>lavisse</strong></span> <span class='ocrx_word' id='word_1_243' title='bbox 252 2625 281 2674; x_wconf 91' lang='lat' dir='ltr'><strong>et</strong></span> <span class='ocrx_word' id='word_1_244' title='bbox 302 2636 423 2693; x_wconf 74' lang='lat' dir='ltr'><strong>anguem</strong></span> <span class='ocrx_word' id='word_1_245' title='bbox 445 2617 481 2673; x_wconf 89' lang='lat' dir='ltr'><strong>ab</strong></span> <span class='ocrx_word' id='word_1_246' title='bbox 502 2636 551 2674; x_wconf 91' lang='lat' dir='ltr'><strong>ara</strong></span> <span class='ocrx_word' id='word_1_247' title='bbox 571 2615 712 2672; x_wconf 82' lang='lat' dir='ltr'><strong>exstitisse</strong></span> <span class='ocrx_word' id='word_1_248' title='bbox 733 2632 824 2690; x_wconf 90' lang='lat' dir='ltr'><strong>eoque</strong></span> <span class='ocrx_word' id='word_1_249' title='bbox 845 2613 891 2669; x_wconf 92' lang='lat' dir='ltr'><strong>die</strong></span> <span class='ocrx_word' id='word_1_250' title='bbox 910 2631 970 2669; x_wconf 87' lang='lat' dir='ltr'><strong>rem</strong></span> 
     </span>
     <span class='ocr_line' id='line_1_37' title="bbox 130 2692 971 2774; baseline -0.007 -20"><span class='ocrx_word' id='word_1_251' title='bbox 130 2697 271 2773; x_wconf 86' lang='lat' dir='ltr'><strong>praeclare</strong></span> <span class='ocrx_word' id='word_1_252' title='bbox 299 2717 359 2754; x_wconf 89' lang='lat' dir='ltr'><strong>esse</strong></span> <span class='ocrx_word' id='word_1_253' title='bbox 380 2704 490 2774; x_wconf 76' lang='lat' dir='ltr'><strong>gestam</strong></span> <span class='ocrx_word' id='word_1_254' title='bbox 511 2716 570 2752; x_wconf 92' lang='lat' dir='ltr'><strong>non</strong></span> <span class='ocrx_word' id='word_1_255' title='bbox 591 2694 749 2772; x_wconf 86' lang='lat' dir='ltr'><strong>haruspicis</strong></span> <span class='ocrx_word' id='word_1_256' title='bbox 770 2692 898 2763; x_wconf 89' lang='lat' dir='ltr'><strong>consilio,</strong></span> <span class='ocrx_word' id='word_1_257' title='bbox 921 2692 971 2749; x_wconf 89' lang='lat' dir='ltr'><strong>scd</strong></span> 
     </span>
     <span class='ocr_line' id='line_1_38' title="bbox 130 2778 996 2854; baseline -0.002 -20"><span class='ocrx_word' id='word_1_258' title='bbox 130 2778 318 2854; x_wconf 86' lang='lat' dir='ltr'><strong>imperatoris.</strong></span> <span class='ocrx_word' id='word_1_259' title='bbox 992 2815 996 2832; x_wconf 48' lang='lat' dir='ltr'><strong>t</strong></span> 
     </span>
     <span class='ocr_line' id='line_1_39' title="bbox 171 2851 972 2932; baseline -0.007 -19"><span class='ocrx_word' id='word_1_260' title='bbox 171 2857 285 2914; x_wconf 88' lang='lat' dir='ltr'>XXXI.</span> <span class='ocrx_word' id='word_1_261' title='bbox 329 2862 374 2914; x_wconf 89' lang='lat'><strong>66.</strong></span> <span class='ocrx_word' id='word_1_262' title='bbox 397 2855 495 2932; x_wconf 86' lang='lat' dir='ltr'><strong>Atque</strong></span> <span class='ocrx_word' id='word_1_263' title='bbox 512 2854 582 2912; x_wconf 89' lang='lat' dir='ltr'><strong>haec</strong></span> <span class='ocrx_word' id='word_1_264' title='bbox 603 2861 781 2912; x_wconf 86' lang='lat' dir='ltr'><strong>ostentorum</strong></span> <span class='ocrx_word' id='word_1_265' title='bbox 800 2852 904 2928; x_wconf 84' lang='lat' dir='ltr'><strong>genera</strong></span> <span class='ocrx_word' id='word_1_266' title='bbox 920 2851 972 2907; x_wconf 90' lang='lat' dir='ltr'><strong>mi-</strong></span> 
     </span>
     <span class='ocr_line' id='line_1_40' title="bbox 130 2930 971 3003; baseline -0.008 -9"><span class='ocrx_word' id='word_1_267' title='bbox 130 2937 218 2994; x_wconf 89' lang='lat' dir='ltr'><strong>rabile</strong></span> <span class='ocrx_word' id='word_1_268' title='bbox 239 2936 310 2993; x_wconf 90' lang='lat' dir='ltr'><strong>nihil</strong></span> <span class='ocrx_word' id='word_1_269' title='bbox 327 2936 442 2993; x_wconf 87' lang='lat' dir='ltr'><strong>habeut.</strong></span> <span class='ocrx_word' id='word_1_270' title='bbox 485 2933 564 3002; x_wconf 79' lang='lat' dir='ltr'><strong>Quae</strong></span> <span class='ocrx_word' id='word_1_271' title='bbox 585 2954 651 2991; x_wconf 91' lang='lat' dir='ltr'><strong>cum</strong></span> <span class='ocrx_word' id='word_1_272' title='bbox 667 2935 745 2991; x_wconf 89' lang='lat' dir='ltr'><strong>facta</strong></span> <span class='ocrx_word' id='word_1_273' title='bbox 765 2939 839 3003; x_wconf 87' lang='lat' dir='ltr'><strong>sunt,</strong></span> <span class='ocrx_word' id='word_1_274' title='bbox 854 2938 917 2988; x_wconf 92' lang='lat' dir='ltr'><strong>tum</strong></span> <span class='ocrx_word' id='word_1_275' title='bbox 935 2930 971 2987; x_wconf 89' lang='lat' dir='ltr'><strong>ad</strong></span> 
     </span>
     <span class='ocr_line' id='line_1_41' title="bbox 130 3011 972 3092; baseline -0.01 -18"><span class='ocrx_word' id='word_1_276' title='bbox 130 3017 324 3075; x_wconf 87' lang='lat' dir='ltr'><strong>coniecturam</strong></span> <span class='ocrx_word' id='word_1_277' title='bbox 338 3017 433 3092; x_wconf 88' lang='lat' dir='ltr'><strong>aliqua</strong></span> <span class='ocrx_word' id='word_1_278' title='bbox 443 3014 679 3090; x_wconf 87' lang='lat' dir='ltr'><strong>interpretatione</strong></span> <span class='ocrx_word' id='word_1_279' title='bbox 692 3020 867 3082; x_wconf 84' lang='lat' dir='ltr'><strong>revocantur,</strong></span> <span class='ocrx_word' id='word_1_280' title='bbox 880 3017 913 3067; x_wconf 90' lang='lat' dir='ltr'><strong>ut</strong></span> <span class='ocrx_word' id='word_1_281' title='bbox 923 3011 972 3066; x_wconf 89' lang='lat' dir='ltr'><strong>illa</strong></span> 
     </span>
     <span class='ocr_line' id='line_1_42' title="bbox 129 3093 969 3174; baseline -0.01 -20"><span class='ocrx_word' id='word_1_282' title='bbox 129 3097 220 3154; x_wconf 89' lang='lat' dir='ltr'><strong>tritici</strong></span> <span class='ocrx_word' id='word_1_283' title='bbox 240 3116 329 3174; x_wconf 84' lang='lat' dir='ltr'><strong>grana</strong></span> <span class='ocrx_word' id='word_1_284' title='bbox 348 3097 379 3152; x_wconf 88' lang='lat' dir='ltr'><strong>in</strong></span> <span class='ocrx_word' id='word_1_285' title='bbox 401 3114 433 3150; x_wconf 92' lang='lat' dir='ltr'><strong>os</strong></span> <span class='ocrx_word' id='word_1_286' title='bbox 453 3095 534 3170; x_wconf 89' lang='lat' dir='ltr'><strong>pueri</strong></span> <span class='ocrx_word' id='word_1_287' title='bbox 551 3093 647 3150; x_wconf 89' lang='lat' dir='ltr'><strong>Midae</strong></span> <span class='ocrx_word' id='word_1_288' title='bbox 668 3099 803 3167; x_wconf 84' lang='lat' dir='ltr'><strong>congesta</strong></span> <span class='ocrx_word' id='word_1_289' title='bbox 824 3098 874 3148; x_wconf 88' lang='lat' dir='ltr'><strong>aut</strong></span> <span class='ocrx_word' id='word_1_290' title='bbox 894 3108 969 3166; x_wconf 69' lang='lat' dir='ltr'><strong>apes</strong></span> 
     </span>
     <span class='ocr_line' id='line_1_43' title="bbox 130 3170 970 3254; baseline -0.012 -20"><span class='ocrx_word' id='word_1_291' title='bbox 130 3196 201 3254; x_wconf 89' lang='lat' dir='ltr'><strong>quas</strong></span> <span class='ocrx_word' id='word_1_292' title='bbox 218 3176 317 3233; x_wconf 87' lang='lat' dir='ltr'><strong>dixisti</strong></span> <span class='ocrx_word' id='word_1_293' title='bbox 334 3176 363 3231; x_wconf 94' lang='lat' dir='ltr'><strong>in</strong></span> <span class='ocrx_word' id='word_1_294' title='bbox 381 3173 465 3230; x_wconf 87' lang='lat' dir='ltr'><strong>labris</strong></span> <span class='ocrx_word' id='word_1_295' title='bbox 482 3172 612 3230; x_wconf 87' lang='lat' dir='ltr'><strong>Platonis</strong></span> <span class='ocrx_word' id='word_1_296' title='bbox 629 3172 791 3229; x_wconf 89' lang='lat' dir='ltr'><strong>consedisse</strong></span> <span class='ocrx_word' id='word_1_297' title='bbox 807 3170 896 3248; x_wconf 87' lang='lat' dir='ltr'><strong>pueri,</strong></span> <span class='ocrx_word' id='word_1_298' title='bbox 912 3187 970 3225; x_wconf 89' lang='lat' dir='ltr'><strong>nou</strong></span> 
     </span>
    </p>
   </div>
   <div class='ocr_carea' id='block_1_4' title="bbox 0 0 1118 3446">
    <p class='ocr_par' dir='ltr' id='par_1_5' title="bbox 0 0 1118 3446">
     <span class='ocr_line' id='line_1_44' title="bbox 0 0 1118 3446; baseline 0 0"><span class='ocrx_word' id='word_1_299' title='bbox 0 0 1118 3446; x_wconf 95' lang='lat' dir='ltr'><strong> </strong></span> 
     </span>
    </p>
   </div>
  </div>
 </body>
</html>
