2220 3432
120 151 153 197 66
343 149 393 198 DE
410 151 558 200 NATURA
576 151 736 201 DEORUM.

121 252 231 329 opinor,
248 251 348 310 diebus
368 253 465 309 minus
486 253 607 310 eundem
630 253 732 311 lustrat
753 253 850 311 orbem
877 273 964 332 quem

121 335 193 392 duae
215 335 380 410 superiores.
423 333 504 390 Infra
519 333 593 390 hano
615 340 711 390 autem
733 333 814 390 stella
830 333 963 392 Mercurii

121 420 180 472 est:
203 434 235 472 εε
249 411 379 485 Στίλβων
394 413 553 490 appellatur
567 413 718 483 aGraecis,
730 432 802 490 quae
817 433 892 470 anno
903 415 965 471 fere

121 501 248 552 vert-ente
266 495 437 570 signiferum
453 493 555 550 lustrat
570 493 667 550 orbem
686 512 778 570 neque
795 513 812 550 a
828 493 887 550 sole
903 493 966 550 lon-

119 575 185 650 gius
198 594 336 651 umquam
351 575 436 630 nnius
450 574 526 650 signi
540 572 688 630 intervallo
703 573 825 630 discedit
839 582 901 630 tum
917 593 965 630 an-

119 661 340 724 tevertens,tum
352 653 533 730 subsequens.
567 652 670 709 Infima
681 660 723 710 est
735 653 862 730 quinque
872 673 966 710 erran-

119 735 193 791 tium
210 741 357 810 terraeque
374 734 505 810 proxima
522 732 603 790 stella
619 732 748 804 Veneris,
765 753 837 810 quae
854 737 966 808 Φωσφό-

119 837 165 888 ρος
182 813 297 884 Graece,
310 813 410 871 Latine
427 814 533 870 dicitur
550 813 672 884 Lucifer,
685 833 751 870 cum
768 813 965 890 antegreditur

121 893 219 964 solem,
229 912 294 950 curn
310 893 492 970 subsequitur
502 891 754 967 autem,''Ec⁷repoc.
793 893 836 950 Ea
850 913 963 950 cursum

120 993 196 1030 anno
213 972 329 1030 conficit
346 981 374 1030 et
391 973 574 1030 latitudinem
595 973 718 1030 lustrans
739 973 870 1048 signiferi
887 973 964 1030 orbis

121 1061 149 1110 et
164 1053 392 1129 longitudinem:
415 1052 493 1130 quod
507 1053 584 1110 idem
599 1053 711 1111 faciunt
725 1053 822 1110 stellae
839 1054 966 1130 superio-

120 1153 172 1204 res,
179 1152 271 1210 neque
282 1152 418 1210 umquam
428 1133 464 1190 ab
474 1133 532 1190 sole
542 1133 664 1190 duorum
675 1134 822 1209 signorum
832 1133 964 1190 interval·

120 1214 148 1270 lo
163 1212 277 1290 longius
291 1213 413 1271 discedit
427 1220 489 1270 tum
507 1213 686 1284 antecedens,
699 1222 761 1270 tum
780 1213 963 1289 subsequens

120 1293 204 1351 XXI.
229 1297 274 1350 54.
288 1293 371 1351 Hanc
381 1293 469 1370 igitur·
477 1294 507 1350 in
517 1293 606 1350 stellis
615 1293 894 1364 constantiam,hanc
904 1301 965 1351 tan.-

120 1381 179 1430 tam
194 1382 253 1431 tam
269 1375 353 1431 variis
368 1373 496 1431 cursibus
510 1373 539 1430 in
555 1374 636 1430 omni
650 1374 817 1430 aeternitate
832 1374 966 1430 eonveni-

120 1455 227 1511 chtiam
242 1461 406 1532 temporum
421 1473 480 1510 non
495 1473 612 1530 possum
628 1453 792 1530 intellegere
809 1453 869 1510 sine
885 1472 966 1510 men-

120 1543 157 1605 te,
166 1535 284 1605 ratione,
294 1535 422 1592 consilio.
458 1533 537 1602 Quae
549 1553 614 1591 cum
626 1534 655 1590 in
671 1533 811 1590 sideribus
822 1533 913 1590 inesse
925 1534 966 1590 vi·

120 1615 246 1685 deamus,
257 1634 314 1671 non
329 1633 481 1690 possumus
495 1633 529 1670 ea
542 1614 604 1690 ipsa
617 1633 676 1670 non
688 1614 717 1670 in
733 1613 851 1670 deorum
866 1632 966 1670 nume-

120 1713 152 1751 ro
164 1713 308 1770 reponere.
344 1694 404 1750 Nec
416 1713 481 1750 vero
494 1693 590 1750 stellae
602 1713 658 1763 eae,
668 1713 740 1770 quac
751 1692 907 1750 inerrantes
916 1713 966 1750 vo-

122 1780 230 1844 cantur,
240 1793 299 1830 non
309 1772 470 1849 significant
481 1773 601 1831 candem
613 1781 739 1830 mentem
749 1773 966 1850 atquepruden-

121 1851 199 1922 tiam,
216 1869 336 1926 quarum
354 1857 398 1907 cst
414 1851 559 1908 cotidiana
579 1854 751 1910 conveniens
772 1860 965 1930 constansque

120 1931 276 2001 conversio,
286 1949 338 1988 nec
349 1930 456 1988 habent
467 1931 608 1989 aetherios
620 1952 717 1990 cursus
728 1952 821 2009 neque
833 1933 910 1990 caelo
921 1935 965 1990 in·

120 2011 276 2079 haerentes,
287 2018 320 2067 ut
330 2010 458 2088 plerique
470 2011 570 2070 dicunt
580 2013 716 2089 physicae
730 2013 849 2070 rationis
860 2013 962 2090 ignari.

121 2091 187 2147 Non
200 2098 242 2147 cst
253 2091 329 2148 enim
341 2091 463 2148 aetheris
474 2111 507 2148 ea
518 2100 626 2162 natura,
637 2101 670 2150 ut
680 2093 708 2150 vi
721 2113 771 2150 sua
782 2093 875 2150 stellas
886 2113 966 2150 com-

120 2171 203 2247 plexa
212 2177 406 2248 contorqueat.
434 2171 512 2230 Nam
521 2173 615 2230 tenuis
627 2192 659 2229 ao
668 2173 815 2249 perlucens
825 2181 853 2230 et
862 2193 966 2250 aequa-

120 2251 171 2307 bili
186 2250 278 2308 calore
295 2252 419 2308 suffusus
436 2252 534 2308 aether
550 2272 608 2308 non
627 2254 695 2309 satis
712 2261 797 2329 apt-us
814 2253 850 2310 ad
867 2254 965 2311 stellas

120 2331 307 2388 continendas
318 2332 437 2390 videtur.
478 2339 523 2389 55.
537 2331 655 2389 Habent
669 2333 758 2409 igitur
769 2352 848 2390 suam
863 2333 965 2410 sphae-

119 2431 180 2468 ram
195 2411 291 2469 stellae
302 2412 458 2468 inerrantes
470 2412 505 2469 ab
517 2412 643 2470 aetheria
657 2413 859 2470 coniunctione
874 2433 965 2471 secre-

119 2500 179 2548 tam
200 2499 229 2549 et
245 2492 371 2549 liberam.
414 2491 520 2549 Earum
541 2499 636 2550 autem
652 2512 790 2570 perennes
807 2512 904 2550 cursus
921 2502 966 2552 at-

119 2591 174 2648 que
191 2571 324 2648 perpetui
339 2591 406 2628 cum
423 2571 584 2629 admirabili
598 2572 814 2650 incredibilique
831 2581 966 2630 constan-

118 2653 160 2707 tia
176 2651 320 2709 declarant
333 2651 363 2707 in
381 2651 426 2707 his
440 2653 499 2708 vim
516 2660 545 2710 et
559 2661 685 2711 mentem
703 2673 763 2710 csse
781 2653 916 2724 divinam,
929 2663 965 2711 ut

118 2729 188 2787 haec
206 2731 268 2807 ipsa
285 2731 333 2808 qui
350 2751 408 2787 non
426 2732 531 2789 sentiat
545 2733 664 2791 deorum
679 2733 737 2789 m'rn
755 2733 866 2804 habere,
879 2733 903 2789 is
920 2735 965 2790 ni-

119 2809 160 2865 hil
175 2811 293 2866 omnino
308 2829 440 2867 sensurus
454 2831 514 2868 esse
528 2813 664 2870 videatur.
710 2819 755 2870 56.
772 2812 858 2869 Nulla
872 2813 965 2888 igitur·

120 2888 149 2942 in
165 2889 242 2945 caelo
253 2909 305 2946 nec
316 2891 433 2947 fortuna
446 2911 498 2948 nec
509 2894 654 2949 temeritas
668 2912 720 2949 nec
735 2893 838 2950 erratio
852 2912 905 2949 nec
917 2913 965 2950 va-

120 2966 195 3022 nitas
209 2969 291 3036 inest,
304 2977 459 3046 contraque
477 2973 571 3028 omnis
586 2973 665 3040 ordo,
676 2973 787 3043 veritas,
800 2973 882 3042 ratic,
895 2992 965 3029 con-

121 3045 233 3101 stantia.
268 3046 402 3124 Quaeque
413 3051 458 3106 his
469 3059 578 3122 vacant,
589 3053 727 3109 ementita
741 3060 769 3109 et
780 3053 852 3108 falsa
866 3052 965 3129 plena-

123 3142 178 3213 que
195 3126 304 3214 erroris,
320 3146 353 3183 ea
369 3130 474 3186 circum
491 3138 580 3188 terras
597 3133 673 3189 infra
690 3132 795 3203 lunam,
812 3152 883 3209 qnae
902 3152 965 3189 orn-

121 3221 202 3258 nmm
219 3203 321 3260 ultima
337 3213 387 3277 est,
403 3209 432 3263 in
450 3211 587 3287 terrisque
604 3220 758 3272 versantur.
801 3212 964 3270 Caelestem
