2220 3432
125 80 157 128 44
347 79 397 128 DE
413 79 563 129 NATURA
579 78 739 128 DEORUM.

124 189 180 240 tur.
223 181 329 242 XLIV.
352 181 467 250 Quanto
484 180 575 239 Stoici
591 179 702 250 melius,
718 179 768 256 qui
789 179 904 236 avobis
925 199 966 238 re·

125 261 356 339 prehenduuturl
398 262 524 320 Oenseut
544 267 641 318 autern
665 259 807 336 sapientes
831 259 965 336 sapienti*

125 341 178 398 bus
195 343 281 399 etiam
298 342 406 418 ignotis
423 361 483 399 esse
500 341 615 398 amicos.
658 339 738 396 Nihil
757 346 800 397 est
816 340 893 396 enim
911 340 966 397 vir-

124 427 186 478 tute
203 421 360 480 amabilius.
404 420 497 490 Quam
515 420 565 497 qui
579 419 700 496 adeptus
717 419 777 490 erit,
790 419 965 497 ubicumque

124 501 178 558 crit
201 501 340 577 gentium,
362 521 379 558 a
402 500 485 558 uobis
509 500 651 576 diligetur.
696 504 761 556 122.
780 498 843 556 Vos
866 507 964 558 autem

124 580 194 657 quid
208 581 276 638 mali
290 580 373 651 datis,
386 601 449 638 cum
468 581 497 636 iu
515 577 710 637 imbecillitate
724 577 964 654 gratificationem

123 667 153 716 et
173 660 400 718 benevolentiam
422 660 547 737 ponitis!
589 658 634 716 Ut
654 659 729 716 euim
752 658 886 715 omittam
903 659 964 716 vim

123 745 152 796 et
163 747 293 796 naturam
305 740 432 810 deorum,
443 759 478 796 ne
490 739 621 796 homiues
635 738 751 816 quidem
767 739 896 809 censetis,
906 739 963 796 uisi

122 818 257 892 imbecilli
278 827 379 891 essent,
395 820 509 876 futuros
529 818 671 876 beneficos
692 825 721 875 et
737 817 877 894 benignos
893 819 964 875 fuis·

123 899 168 954 sel
206 898 292 956 Nulla
306 906 348 956 est
359 900 460 957 caritas
473 899 610 956 naturalis
624 899 698 956 inter
709 897 818 955 bonosi
855 896 962 955 Carum

122 977 217 1054 ipsum
234 978 352 1036 verbnm
373 987 416 1036 est
432 978 544 1050 amoris,
561 998 596 1035 ex
618 997 674 1056 quo
696 977 837 1035 amicitiae
854 996 962 1036 nomen

122 1065 165 1114 est
179 1056 306 1129 ductum,
319 1079 403 1136 quam
419 1059 444 1116 si
457 1058 495 1115 ed
508 1058 634 1116 fructum
650 1064 781 1114 nostrum
794 1057 960 1130 referemus,

121 1155 180 1193 nou
194 1137 232 1194 ad
242 1137 317 1196 illius
330 1139 483 1196 commoda
497 1157 583 1215 quem
597 1137 753 1214 diligimus,
763 1155 823 1194 nou
837 1137 892 1195 erit
905 1137 963 1195 ista

121 1216 255 1288 amicitia,
267 1219 317 1275 sed
331 1225 488 1276 mercatura
502 1218 642 1294 quaedam
659 1216 817 1274 utilitatum
835 1236 959 1276 suarum.

120 1295 207 1354 Prata
231 1304 260 1354 et
284 1316 350 1355 arva
373 1305 402 1356 et
425 1297 570 1374 pecudum
594 1315 695 1373 greges
720 1295 880 1373 diliguntur
903 1297 961 1355 isto

119 1376 216 1447 mode,
229 1378 306 1454 qnod
320 1379 431 1435 fruetus
445 1396 479 1434 ex
497 1377 537 1434 eis
554 1377 714 1454 capiuntur,
726 1375 878 1434 hominum
892 1377 961 1434 cari-

119 1461 163 1512 tas
183 1464 212 1515 et
232 1457 359 1515 amicitia
378 1457 504 1534 gratuita
524 1463 575 1514 est.
618 1456 733 1524 Quanto
755 1456 844 1534 igitur
867 1458 961 1534 magis

118 1534 246 1607 deorum,
259 1538 308 1614 qui
325 1536 403 1594 nulla
418 1557 449 1594 re
466 1543 582 1614 egentes
599 1544 628 1593 et
644 1536 719 1594 iuter
740 1556 770 1593 sc
787 1536 913 1614 diligunt
930 1544 960 1596 et

58 1628 66 1643 ·
117 1613 283 1673 hominibus
297 1616 458 1674 consulunt.
501 1614 586 1684 Quod
601 1616 630 1673 ni
645 1617 686 1673 ita
703 1617 748 1689 sit,
762 1616 833 1694 quid
846 1635 960 1674 venera-

116 1712 189 1764 mur,
206 1695 276 1770 quid
292 1714 442 1771 precamur
457 1695 546 1754 deosl
564 1716 614 1754 cur
631 1697 716 1754 sacris
733 1696 893 1772 pontifices
909 1717 960 1755 cur

116 1774 250 1850 auspiciis
266 1793 387 1850 augures
401 1777 555 1850 praesenti
576 1777 647 1854 quid
664 1783 798 1854 optamus
814 1796 831 1833 a
847 1777 892 1834 dis
906 1777 960 1834 im·

115 1852 303 1910 mortalibusl
324 1854 394 1930 quid
406 1858 560 1913 vovemust
597 1857 640 1914 At
654 1857 740 1913 etiam
752 1856 824 1914 liber
837 1864 880 1915 est
891 1856 959 1934 Epi·

115 1931 175 1988 curi
192 1932 228 1989 de
250 1933 408 1992 sanctitate.
454 1941 519 1993 123.
543 1935 683 1993 Ludimur
704 1935 741 1994 ab
758 1936 876 1994 homine
898 1956 958 1994 non

114 2018 173 2068 tam
204 2012 299 2070 faceto
331 2032 416 2089 quam
448 2014 485 2072 ad
512 2016 655 2073 scribendi
683 2015 829 2074 licentiam
855 2015 955 2075 libero.

114 2090 193 2160 Quae
215 2092 292 2149 euim
309 2101 405 2169 potest
422 2113 482 2152 esse
503 2096 647 2166 sauctitas,
663 2096 687 2152 si
704 2096 735 2153 di
751 2095 877 2153 humana
897 2115 957 2153 non

113 2173 232 2229 curanti
256 2191 328 2249 quae
349 2181 446 2232 autem
469 2175 598 2232 animans
619 2184 722 2233 natura
743 2175 815 2233 nihil
837 2177 957 2233 curausl

113 2249 218 2309 Verius
234 2260 277 2310 est
292 2253 380 2330 igitur
394 2254 529 2311 nimirum
545 2254 625 2327 illud,
638 2256 717 2332 quod
734 2255 883 2312 familiaris
897 2275 957 2312 om-

112 2331 192 2388 nium
214 2340 344 2390 nostrum
362 2332 537 2391 Posidonius
559 2333 693 2392 disseruit
710 2335 739 2392 iu
757 2334 830 2392 libro
853 2335 955 2412 quinto

111 2410 148 2468 de
169 2418 272 2470 natura
293 2412 421 2484 deorum,
438 2412 532 2470 nullos
554 2433 614 2472 esse
635 2414 705 2472 deos
721 2415 847 2492 Epicuro
864 2414 956 2472 videri

112 2509 240 2569 quaeque
257 2492 281 2549 is
298 2492 334 2550 de
351 2492 396 2550 dis
413 2493 624 2552 immortalibus
641 2494 754 2565 dixerit,
767 2495 892 2552 invidiae
908 2495 957 2552 de-

109 2571 259 2630 testandae
275 2573 368 2649 gratia
385 2572 506 2631 dixisse:
525 2593 618 2650 neque
636 2574 714 2631 enim
730 2581 790 2631 tam
812 2573 956 2650 desipiens

110 2651 221 2724 fuisset,
236 2659 269 2709 ut
290 2652 458 2710 homunculi
475 2653 598 2712 similem
620 2653 706 2711 deum
724 2652 852 2731 fingeret,
868 2654 957 2711 linea·

110 2731 216 2788 mentis
233 2731 384 2789 dumtaxat
401 2733 544 2804 extremis,
557 2752 615 2790 non
633 2733 734 2791 habitu
752 2733 854 2804 sclid0,
865 2753 956 2791 mem-

110 2807 169 2866 bris
192 2810 317 2868 hominis
338 2811 500 2888 praeditum
524 2813 667 2884 omnibus
682 2833 737 2871 usu
758 2812 956 2872 membrorum

110 2906 147 2945 ne
163 2889 285 2946 minimo
303 2891 428 2967 quidem,
441 2891 544 2950 exilem
564 2893 707 2968 quendam
728 2901 814 2972 atque
835 2895 956 2972 perluci-

112 2965 191 3038 dum,
206 2967 278 3025 nibil
295 2971 426 3046 cuiquam
444 2970 628 3044 tribuentem,
643 2972 716 3030 nihil
734 2970 953 3050 gratificantem,

113 3047 231 3103 omniuo
248 3047 319 3104 nihil
337 3058 491 3123 curantem,
504 3051 576 3108 nihil
592 3062 733 3127 agentem.
777 3052 856 3122 Quae
873 3060 956 3110 uatu-

113 3143 144 3181 ra
160 3125 285 3200 primum
302 3128 379 3184 nulla
395 3149 455 3188 esse
471 3138 575 3207 potest,
591 3133 678 3209 idque
696 3133 796 3191 videns
812 3133 955 3210 Epicurus
