2242 3436
131 145 179 194 176
392 141 441 189 DE
458 139 709 190 DIVINATIONE.
774 165 777 170 ·

172 249 218 302 81.
241 242 414 302 Obiciuntur
434 242 521 300 etiam
543 261 626 318 saepe
642 241 762 313 formae,
781 260 852 320 quae
873 261 974 320 reapse

129 324 224 382 nullae
238 329 313 395 sunt,
326 323 449 399 speciem
466 329 562 379 autem
580 322 722 379 offerunt:
745 322 823 399 quod
837 324 976 398 contigis-

130 425 160 462 se
176 405 293 462 Brenno
315 403 420 460 dicitur
441 402 557 478 eiusque
573 401 690 459 Gallicis
707 403 806 478 copiis,
819 421 884 459 cunr
901 403 973 460 fano

129 484 275 562 Apollinis
288 482 423 560 Delphici
438 483 578 539 nefarium
592 481 699 540 bellum
716 482 866 540 intulisset.
895 482 974 539 Tum

129 566 206 622 enim
220 565 318 624 ferunt
332 583 367 620 ex
381 562 495 620 oraculo
510 563 634 620 ecfatam
649 581 708 619 esse
722 561 876 639 Pythiam:

251 687 306 748 Ego
318 683 450 748 providebo
462 699 513 732 rem
525 683 599 732 istam
611 691 636 732 et
646 683 718 732 albae
729 683 843 744 virgines.

128 801 173 861 Ex
196 821 253 880 quo
275 803 386 859 factum
406 807 440 858 ut
460 800 625 858 viderentur
646 799 771 876 virgines
794 800 869 858 ferre
893 819 974 858 arma

129 888 228 939 contra
262 889 291 938 et
326 882 390 938 nive
430 880 578 938 Gallorum
620 880 788 939 obrueretur
821 880 971 938 exereitus.

129 960 305 1019 XXXVIII.
328 961 498 1018 Aristoteles
516 960 632 1038 quidem
650 979 699 1018 cos
720 959 816 1031 etiarn,
833 960 882 1036 qui
898 960 973 1017 vale-

127 1041 238 1099 tudinis
252 1041 323 1098 vitio
334 1041 462 1098 furerent
473 1047 502 1098 et
512 1039 711 1098 melancholici
725 1039 894 1110 dicerentur,
907 1059 974 1097 cen-

129 1121 209 1178 sebat
232 1120 337 1178 habere
361 1120 470 1198 aliquid
493 1121 525 1176 in
549 1121 652 1177 animis
676 1120 857 1196 praesagiens
884 1127 973 1196 atque

128 1201 266 1258 divinum.
309 1201 372 1276 Ego
396 1207 492 1258 antem
516 1200 594 1258 haud
618 1201 676 1256 scio
699 1219 735 1256 an
760 1219 813 1257 nec
835 1199 973 1256 cardiacis

127 1281 183 1338 hoc
200 1280 385 1339 tribuendum
400 1281 437 1338 sit
453 1300 506 1338 nec
522 1280 712 1357 phreneticis:
730 1279 823 1336 animi
838 1279 915 1336 enim
930 1281 973 1336 in-

128 1362 210 1438 tegri,
223 1381 281 1419 non
295 1361 392 1419 vitiosi
406 1361 533 1437 corporis
547 1367 590 1418 est
604 1360 752 1417 divinatio

170 1448 215 1499 82.
238 1441 331 1510 Quam
349 1441 465 1518 quidem
481 1459 540 1498 esse
555 1460 584 1498 re
599 1459 664 1497 vera
681 1440 733 1497 hac
751 1439 915 1497 Stoicorum
930 1459 973 1496 ra·

127 1521 207 1578 tione
221 1521 416 1578 concluditur:
440 1520 497 1577 “Si
511 1527 578 1577 sunt
594 1521 624 1576 di
638 1539 731 1597 neque
745 1526 811 1576 ante
826 1519 974 1576 declarant

127 1600 294 1663 hominibus
311 1620 383 1677 quae
399 1600 497 1658 futura
514 1601 579 1671 sint,
595 1606 720 1658 autnon
738 1599 863 1677 diligunt
880 1599 974 1656 homi-

127 1700 178 1738 nes
195 1688 245 1738 aut
262 1681 332 1758 quid
349 1689 516 1739 eventurum
534 1680 571 1737 sit
587 1681 722 1756 ignorant
738 1688 788 1737 aut
805 1679 973 1738 existimant

127 1760 200 1817 nihil
220 1762 355 1818 interesse
371 1761 523 1818 hominum
540 1760 611 1818 scire
628 1760 698 1836 quid
715 1760 752 1817 sit
772 1760 903 1817 futurum
920 1767 973 1817 aut

127 1859 187 1897 non
204 1847 321 1898 censent
338 1860 398 1898 esse
415 1859 481 1897 suae
498 1841 655 1898 maiestatis
675 1839 903 1917 praesignificare
920 1839 973 1896 ho-

127 1920 254 1977 minibus
276 1940 347 1998 quae
364 1921 422 1977 sint
442 1921 540 1976 futura
557 1927 606 1977 aut
627 1939 660 1977 ca
676 1939 712 1977 ne
728 1920 784 1996 ipsi
806 1918 922 1996 quidem
940 1920 973 1977 di

128 1999 287 2077 significare
304 2007 432 2076 possunt.
475 2001 517 2057 At
537 2019 629 2077 neque
652 2019 708 2056 non
732 1999 856 2076 diligunt
877 2019 973 2056 nos—

128 2087 195 2137 sunt
216 2080 293 2137 enirn
314 2079 434 2137 benefici
454 2081 607 2157 generique
628 2079 779 2152 hominum
797 2079 973 2136 amici—ne-

129 2179 184 2236 que
194 2159 329 2237 ignorant
340 2179 380 2230 ea,
394 2179 465 2237 quae
480 2159 515 2217 ab
527 2160 597 2236 ipsis
611 2161 768 2217 constituta
781 2166 811 2216 et
821 2159 972 2235 designata

128 2247 203 2312 sunt,
216 2259 308 2316 neque
322 2248 420 2298 nostra
436 2239 508 2296 nihil
524 2241 643 2297 interest
660 2240 730 2297 scire
745 2259 784 2311 ea,
798 2259 870 2316 quae
887 2259 971 2297 even-

127 2328 193 2378 tura
209 2321 421 2378 sunt-erimus
436 2320 512 2377 enirn
530 2321 677 2390 cautiores,
695 2320 718 2377 si
735 2320 864 2390 sciemus,
876 2339 972 2396 neque

127 2399 183 2458 hoc
204 2400 326 2458 alienum
350 2401 459 2458 ducunt
482 2399 630 2457 maiestate
655 2419 713 2471 sua,
732 2399 804 2457 nihil
826 2405 870 2456 est
892 2401 970 2457 enirn

128 2480 315 2538 beneficentia
328 2479 650 2558 praestantius—neque
664 2499 723 2536 non
737 2486 859 2556 possunt
872 2479 972 2537 futura

128 2579 319 2636 praenoscere.
363 2567 409 2617 83.
432 2560 499 2617 Non
513 2558 602 2636 igitur
616 2565 682 2616 sunt
697 2560 727 2616 di
742 2579 793 2617 nec
808 2559 971 2636 significant

128 2640 233 2698 futura.
277 2640 351 2698 Sunt
368 2646 463 2696 autem
481 2639 519 2711 di,
538 2638 701 2716 significant
722 2659 798 2716 erge.
841 2639 880 2695 Et
900 2658 969 2710 non,

129 2720 153 2774 si
167 2718 337 2794 significant,
349 2719 440 2775 nullas
451 2719 510 2775 vias
524 2718 594 2776 dant
608 2719 692 2777 nobis
706 2721 743 2777 ad
753 2719 971 2796 significationis

129 2797 424 2853 scientiam-frustra
444 2798 521 2854 enim
542 2797 835 2873 significarent-nec,
854 2799 879 2855 si
900 2798 971 2856 dant

128 2875 196 2941 vias,
209 2892 267 2929 non
283 2881 325 2931 est
340 2875 495 2932 divinatio:
517 2883 560 2933 est
574 2878 664 2952 igitur
677 2877 844 2935 divinati0.”

170 2951 314 3008 XXXIX.
354 2957 399 3008 84.
415 2953 478 3009 Hac
493 2955 602 3012 ratione
617 2963 646 3013 et
660 2957 840 3034 Chrysippus
857 2963 885 3014 et
899 2957 970 3015 Dio-

129 3047 216 3102 genes
230 3036 259 3085 et
273 3029 427 3104 Antipater
440 3032 537 3088 utitur.
574 3033 651 3100 Quid
665 3043 708 3092 est
722 3037 811 3112 igitur
824 3055 875 3093 cur
889 3036 972 3094 dubi-

129 3107 249 3164 tandum
265 3109 302 3164 sit
319 3109 387 3184 quin
403 3110 460 3166 sint
474 3129 514 3179 ea,
528 3129 599 3186 quae
613 3113 765 3190 disputavi,
777 3116 933 3186 verissima,
946 3117 971 3174 si

130 3186 203 3244 ratio
220 3205 331 3245 mecum
353 3188 432 3256 facit,
449 3189 471 3245 si
488 3198 597 3258 eventa,
614 3192 637 3247 si
658 3194 767 3270 populi,
784 3195 807 3250 si
828 3195 969 3267 nationes,
