2220 3432
325 124 670 186 LIB.I.,CAP.1X.-X1.‚
683 125 697 185 ς
710 129 800 176 22-28.
955 131 986 178 13

147 239 269 307 possunt
279 249 339 287 esse
354 228 415 285 sine
430 246 513 285 sensu
528 234 557 284 et
566 234 670 298 mente,
681 247 731 285 cur
744 247 835 305 aquae
846 223 985 303 [mentem

147 323 265 367 ruentem
278 316 374 365 notem
385 305 488 386 aquae]
500 308 639 379 adiunxit,
652 308 676 367 si
690 309 752 385 ipsa
762 328 843 366 mens
857 317 987 367 constare

147 399 244 466 potest
258 408 360 447 vacans
375 390 512 466 corporet
552 388 761 446 Anaximandri
776 396 872 446 antem
887 391 987 467 opinio

148 479 191 528 est
205 471 318 528 nativos
332 489 392 527 esse
407 469 477 526 deos
490 469 585 545 longis
601 469 757 527 intervallis
775 470 898 526 orientes
915 471 987 527 occi-

147 552 313 628 dentesque,
329 569 434 627 eosque
448 549 671 606 innumerabiles
685 569 745 606 esse
756 549 886 607 mundos.
929 549 988 606 Sed

147 651 200 688 nos
221 631 307 688 deum
328 631 384 687 nisi
406 631 611 706 sempiternum
634 629 798 705 intellegere
820 630 869 706 qni
890 649 988 707 possu-

146 712 229 767 mnsl
271 717 317 768 26.
331 710 402 767 Post
414 710 607 766 Anaximenes
621 715 688 766 ae'ra
698 710 783 766 deum
799 710 900 768 statuit
911 729 988 766 enm·

147 809 202 867 qne
216 791 298 867 gigni
312 809 428 868 esseque
444 791 616 847 immensum
630 799 659 846 et
672 789 818 848 infinitum
833 797 862 847 et
876 809 987 867 semper

146 871 176 926 in
202 878 292 940 motu,
309 872 389 948 qnasi
411 877 462 926 ant
486 875 534 927 aer
556 871 616 928 sine
638 870 697 927 ulla
718 871 813 928 forma
834 871 904 928 deus
926 889 987 928 esse

146 951 321 1026 passiacum
339 950 506 1026 praesertim
528 950 614 1007 deum
635 969 693 1007 non
715 951 803 1008 medo
824 951 987 1027 aliqna,sed

146 1029 337 1106 pulcherrima
353 1031 447 1107 speeie
461 1031 561 1087 deceat
577 1050 646 1100 esse,
658 1038 709 1087 ant
725 1049 781 1087 non
798 1050 892 1100 omne,
908 1031 987 1108 quod

146 1117 241 1167 ortum
256 1111 301 1181 sit,
312 1111 471 1168 mortalitas
485 1119 682 1187 consequatur.
721 1111 773 1168 Xl.
793 1110 863 1169 Inde
875 1111 987 1168 Anaxa-

145 1209 237 1266 goras,
251 1192 300 1267 qni
314 1191 424 1268 accepit
437 1191 473 1248 ab
485 1190 664 1248 Anaximene
678 1190 867 1268 disciplinam,
878 1192 987 1268 primns

146 1270 276 1328 omnium
292 1291 387 1329 rerum
402 1270 623 1347 descriptionem
642 1277 671 1328 et
687 1272 805 1328 modum
824 1272 930 1328 mentis
945 1272 987 1328 in-

144 1349 242 1408 finitae
257 1351 286 1408 vi
306 1371 339 1408 ac
360 1351 471 1408 ratione
493 1351 635 1427 designari
656 1358 686 1408 et
706 1351 809 1408 confici
826 1351 934 1409 voluit:
956 1353 986 1407 in

145 1449 202 1506 qno
217 1451 275 1488 non
286 1431 360 1488 vidit
374 1450 466 1508 neque
476 1439 589 1488 metum
605 1431 699 1488 sensui
710 1431 839 1488 iunctum
855 1439 884 1488 et
898 1432 987 1488 conti-

145 1518 261 1568 nentem
282 1510 311 1568 in
333 1511 446 1568 infinito
467 1510 556 1568 ullum
576 1530 635 1568 esse
652 1530 745 1587 posse,
761 1529 852 1587 neque
872 1529 986 1567 sensum

145 1591 342 1668 omnino,an
357 1611 415 1649 non
429 1592 492 1668 ipsa
505 1598 605 1648 natura
619 1590 701 1667 pulsa
714 1591 838 1648 sentiret.
873 1590 987 1648 Deinde

144 1671 167 1726 si
189 1678 314 1729 mentem
336 1673 421 1730 istam
443 1671 523 1749 qnasi
546 1671 649 1728 animal
672 1670 788 1748 aliquod
805 1670 896 1728 voluit
917 1691 985 1741 esse,

144 1751 198 1807 erit
215 1751 323 1828 aliquid
337 1753 464 1822 interius,
475 1772 509 1808 ex
527 1771 584 1828 qno
599 1750 671 1808 illud
691 1751 795 1808 animal
812 1752 984 1809 nominetur.

144 1830 221 1899 Quid
235 1839 330 1890 autem
343 1833 462 1889 interius
472 1833 588 1889 mental
618 1831 759 1908 Cingatnr
768 1831 858 1908 igitur
867 1850 986 1908 corpore

143 1919 269 1970 externe.
305 1913 351 1970 27.
370 1911 456 1980 Quod
471 1913 606 1988 qnoniam
621 1931 680 1968 non
694 1912 795 1988 placet,
808 1920 907 1988 aperta
920 1913 986 1968 sim-

143 1990 266 2068 plexque
287 2012 368 2050 mens
389 1991 467 2049 nulla
487 2011 517 2048 re
538 1992 672 2048 adiuncta
693 2011 750 2069 qna
770 1993 875 2049 sentire
893 1993 986 2068 possit

142 2072 244 2148 fugere
264 2073 476 2149 intellegentiae
493 2078 607 2129 nostrae
623 2072 681 2129 vim
700 2079 729 2129 et
746 2072 893 2129 notionem
908 2072 986 2129 vide·

143 2158 198 2209 tor.
241 2152 423 2210 Crotoniates
444 2159 538 2209 antem
554 2151 701 2222 Alcmaeo,
715 2153 764 2229 qni
785 2150 838 2208 soli
856 2159 884 2209 et
901 2152 985 2209 lunae

143 2231 315 2308 reliquisque
330 2233 471 2290 sideribus
484 2233 638 2308 animoque
647 2241 793 2308 praeterea
803 2232 983 2290 divinitatem

143 2312 231 2378 dedit,
242 2331 300 2370 non
318 2313 406 2370 sensit
424 2332 483 2369 sese
500 2311 670 2369 mortalibus
686 2312 771 2369 rebus
787 2313 985 2370 immortalita-

142 2401 202 2448 tem
214 2392 288 2450 dare.
318 2392 393 2450 Nam
405 2392 594 2468 Pythagorae,
605 2393 652 2468 qui
665 2393 775 2449 censuit
786 2393 914 2449 animum
924 2412 985 2450 esse

141 2491 193 2548 per
213 2479 344 2530 naturam
365 2492 459 2530 rerum
481 2491 596 2530 ornnem
613 2473 757 2529 intentum
774 2479 804 2529 et
824 2491 985 2529 commean-

142 2562 210 2622 tem,
223 2572 257 2608 ex
275 2573 332 2630 qno
347 2553 438 2610 nostri
455 2553 544 2609 animi
561 2559 750 2629 carperentur,
762 2571 820 2608 non
839 2552 912 2608 vidit
928 2553 984 2608 dis-

141 2632 282 2690 tractione
296 2633 488 2690 humanorum
505 2634 666 2690 animorum
684 2632 807 2707 discerpi
824 2638 853 2688 et
868 2631 983 2711 lacerari

141 2711 228 2768 deum
251 2720 288 2783 et,
304 2732 370 2770 cum
391 2713 488 2770 miseri
510 2713 599 2769 animi
623 2721 725 2782 essent,
742 2711 821 2788 qued
841 2711 984 2788 plerisque

141 2793 331 2868 contingeret,
341 2801 404 2850 tum
417 2793 463 2850 dci
472 2800 582 2870 partem
594 2811 655 2849 esse
665 2793 797 2849 miseram
809 2809 815 2848 :
834 2791 911 2868 qnod
922 2791 983 2849 fieri

140 2891 199 2929 non
210 2880 315 2949 potest.
352 2879 398 2930 28.
417 2873 476 2930 Cur
490 2881 586 2930 autem
598 2871 755 2949 quidquam
769 2872 914 2948 ignoraret
925 2873 983 2928 ani-

140 2971 205 3008 mus
219 2952 353 3023 heminis,
366 2953 389 3009 si
404 2961 478 3010 esset
495 2952 582 3009 deuel
624 2951 688 3020 Quo
705 2951 793 3008 mode
810 2970 896 3028 porro
913 2953 983 3008 deus

56 3089 63 3096 ,
140 3032 203 3102 iste,
214 3032 238 3088 si
252 3033 324 3089 nihil
336 3041 410 3090 esset
424 3033 479 3089 nisi
494 3032 615 3101 animus,
628 3037 678 3086 aut
691 3029 795 3086 infixus
810 3038 859 3087 aut
870 3031 983 3088 infusus

140 3119 215 3169 esset
231 3112 262 3169 in
279 3114 408 3170 mundo?
445 3113 520 3168 Tum
538 3109 740 3186 Xenophanes,
754 3111 805 3185 qui
822 3116 918 3166 mente
935 3111 982 3166 ad-

140 3193 345 3273 iunctaemne
366 3189 612 3268 praeter·ea,q110d
633 3195 707 3246 esset
725 3189 879 3258 inlinitum,
895 3189 982 3244 deum
