2220 3432
109 60 140 110 78
357 57 407 106 Dn
423 57 573 106 NATURA
589 55 751 108 DEORUM.

109 159 140 220 in
157 158 284 236 quinque
301 155 390 216 stellis
408 157 577 229 errantibus,
592 158 672 234 quod
688 157 809 216 efficitur
824 159 855 216 in
872 160 955 218 caelo

109 239 230 316 singulis
247 237 348 295 diebus
365 244 394 295 ct
410 237 551 309 noctibus
564 238 628 314 quis
645 239 675 296 in
692 238 741 294 illa
754 237 884 296 barbaria
902 241 956 296 du-

108 319 182 376 bitet
199 319 268 396 quin
284 338 316 375 ea
331 317 450 395 sphaera
464 318 501 375 sit
518 319 646 394 perfecta
659 319 788 376 rationel
820 319 954 376 XXXV.

109 399 151 456 Hi
165 407 261 456 autem
277 398 412 456 dubitant
426 397 461 455 de
475 398 594 466 mundo,
607 417 641 455 err
659 417 716 474 quo
733 405 763 455 et
777 399 909 456 oriuntur
924 408 956 456 et

109 478 183 536 fiunt
200 479 304 550 omnia,
320 497 423 536 casune
440 478 501 554 ipse
522 478 561 534 sit
578 478 697 535 effectus
717 485 767 535 ant
783 479 957 536 necessitate

109 559 204 636 aliqua
224 578 261 616 an
281 559 391 616 ratione
412 577 444 614 ac
465 564 561 614 mente
582 557 680 614 divina
699 564 729 615 et
745 558 954 616 Archimedem

109 639 283 696 arbitrantur
298 638 363 715 plus
379 637 500 694 valuisse
516 638 547 694 in
564 637 712 694 imitandis
733 637 868 714 sphaerae
885 657 955 695 con-

109 718 288 778 versionibus
305 737 390 795 quam
408 724 538 775 naturam
556 717 587 774 in
604 716 768 788 efficiendis
784 719 952 794 praesertim

84 857 88 868 ,
110 817 175 855 cum
192 798 292 855 multis
305 796 435 874 partibus
452 797 511 854 sint
524 796 573 854 illa
586 797 716 874 perfecta
732 817 819 874 quam
832 797 903 856 haec
918 799 956 855 si·

109 878 218 935 mulata
238 877 387 935 sollertius.
424 883 477 935 .89.
493 876 586 953 Atqui
602 876 659 934 ille¹
671 877 748 954 apud
765 877 887 934 Accium
905 897 957 954 pa·

110 965 178 1028 stor,
189 957 239 1034 qui
250 976 351 1014 navem
365 976 523 1033 numquam
539 963 606 1014 ante
617 957 743 1027 vidisset,
753 963 787 1014 ut
798 957 897 1034 procul
912 958 956 1015 di-

110 1038 209 1094 vinum
227 1043 256 1094 et
269 1056 374 1094 novum
391 1036 551 1094 vehiculum
568 1036 802 1114 Argonautarum
821 1057 837 1094 e
853 1037 956 1095 moiite

110 1117 266 1194 conspexit,
282 1117 377 1194 primo
393 1116 537 1174 admirans
558 1124 587 1175 et
603 1117 771 1194 perterritus
792 1117 847 1174 hoc
863 1116 957 1174 modo

108 1196 252 1274 loquitur:

533 1275 617 1323 Tanta
627 1275 705 1324 moles
716 1273 816 1336 labitur,

206 1339 380 1390 Fremebunda
392 1354 424 1388 ex
435 1339 486 1388 nlto
497 1339 592 1400 ingenti
604 1341 686 1388 sonitu
697 1349 723 1388 et
734 1341 828 1403 spiritu.

207 1407 272 1454 Prae
283 1421 309 1454 se
321 1405 400 1454 undas
409 1405 492 1466 volvit,
502 1406 607 1454 vortices
619 1406 643 1452 vi
654 1405 773 1454 suscitat:

207 1472 268 1520 Ruit
279 1472 399 1534 prolapsa,
410 1471 511 1533 pelagus
523 1470 651 1532 respergit,
660 1470 738 1519 reflat.

207 1537 248 1585 Ita
257 1537 316 1586 dum
328 1537 493 1598 interruptum
505 1535 590 1584 credas
602 1537 714 1584 nimbum
726 1535 825 1598 volvier,

207 1602 277 1650 Dum
288 1603 353 1665 quod
365 1602 469 1650 sublime
479 1601 560 1650 ventis
571 1601 702 1663 expulsum
714 1601 767 1663 rupi

208 1669 303 1716 Saxum
315 1675 358 1714 ant
369 1667 482 1729 procellis
494 1666 532 1714 vel
542 1665 658 1726 globosos
668 1666 777 1714 turbines

208 1731 336 1780 Exsistere
347 1732 409 1780 ictos
422 1731 493 1780 undis
505 1732 721 1780 concursantibus:

208 1796 264 1844 Nisi
275 1811 335 1858 quas
347 1805 473 1845 terrestres
485 1807 576 1858 pontus
588 1806 682 1856 strages
694 1797 797 1858 conciet,

207 1862 263 1909 Aut
274 1862 337 1909 forte
345 1861 432 1910 Triton
441 1861 537 1910 fuscina
548 1871 660 1910 evertens
672 1876 758 1923 specus

209 1927 299 1975 Subter·
310 1927 404 1975 radices
416 1928 514 1989 penitus
526 1927 631 1975 undanti
642 1927 668 1975 in
680 1927 745 1975 freto

208 1991 302 2040 Molem
315 2006 347 2040 ex
358 1992 480 2055 profundo
492 2007 594 2042 saxeam
606 1993 638 2042 ad
649 1993 747 2041 caelum
758 1991 845 2042 evehit.

111 2125 234 2187 Dubitat
250 2125 344 2202 primo
367 2146 438 2204 quae
460 2126 497 2184 sit
518 2145 552 2184 ea
571 2133 682 2200 natura,
698 2145 785 2204 quam
805 2125 896 2184 cernit
912 2125 961 2202 ig-'

111 2214 219 2279 notam,
237 2206 371 2284 idemque
391 2207 543 2264 iuvenibus
564 2206 632 2264 visis
657 2207 813 2284 auditoque
837 2206 954 2263 nautico

112 2294 198 2344 cantu
210 2304 217 2344 τ

209 2409 306 2523 {ioppe
317 2407 386 2485 inciti
397 2415 472 2472 atque
483 2406 577 2458 alacres
588 2406 675 2458 rostris
686 2406 841 2471 perfremunt

237 2490 276 2538 ep
295 2490 337 2524 rnr.

113 2593 187 2652 Item
202 2592 256 2650 alia
269 2592 377 2650 multa:

661 2667 755 2718 Silvani
766 2667 832 2717 melo

211 2733 372 2784 consimilem
383 2731 415 2781 ad
427 2746 498 2781 aures
508 2740 609 2782 cantum
621 2741 646 2783 et
657 2733 769 2782 auditum
781 2735 864 2784 refert.

114 2877 162 2928 90.
180 2870 257 2946 Ergo
273 2875 308 2926 ut
322 2869 371 2926 bic
387 2868 481 2945 primo
502 2875 619 2947 aspectu
636 2870 795 2928 inanimum
817 2868 955 2947 quiddam

115 2968 256 3025 sensuque
269 2967 390 3006 vacuum
405 2969 434 3006 se
449 2955 533 3026 putat
544 2969 664 3019 cernere,
674 2958 741 3026 post
755 2957 851 3008 autem
866 2951 956 3027 signis

116 3027 285 3086 certioribus
302 3028 384 3106 quale
405 3029 443 3086 sit
459 3029 497 3101 id,
514 3028 550 3087 de
571 3049 629 3106 quo
650 3029 838 3101 dubitaverat,
854 3031 956 3106 incipit

117 3106 261 3184 suspicari,
277 3107 317 3165 sic
333 3107 499 3186 philosophi
516 3109 684 3176 debuerunt,
697 3110 719 3165 si
738 3111 815 3167 forte
835 3129 885 3167 eos
901 3110 957 3186 pri-
