<?xml version="1.0" encoding="UTF-8"?>
<!DOCTYPE html PUBLIC "-//W3C//DTD XHTML 1.0 Transitional//EN"
    "http://www.w3.org/TR/xhtml1/DTD/xhtml1-transitional.dtd">
<html xmlns="http://www.w3.org/1999/xhtml" xml:lang="en" lang="en">
 <head>
  <title>
</title>
<meta http-equiv="Content-Type" content="text/html;charset=utf-8" />
  <meta name='ocr-system' content='tesseract 3.04.00' />
  <meta name='ocr-capabilities' content='ocr_page ocr_carea ocr_par ocr_line ocrx_word'/>
</head>
<body>
  <div class='ocr_page' id='page_1' title='image "./mtulliiciceroni106cicegoog/mtulliiciceroni106cicegoog_0121.png"; bbox 0 0 2242 3436; ppageno 0'>
   <div class='ocr_carea' id='block_1_1' title="bbox 137 103 838 188">
    <p class='ocr_par' dir='ltr' id='par_1_1' title="bbox 137 103 838 188">
     <span class='ocr_line' id='line_1_1' title="bbox 137 103 838 188; baseline 0.003 -4"><span class='ocrx_word' id='word_1_1' title='bbox 137 139 185 185; x_wconf 90' lang='lat' dir='ltr'>no</span> <span class='ocrx_word' id='word_1_2' title='bbox 359 137 407 185; x_wconf 88' lang='grc'><strong>1111</strong></span> <span class='ocrx_word' id='word_1_3' title='bbox 424 137 575 187; x_wconf 73' lang='lat' dir='ltr'>naeuus</span> <span class='ocrx_word' id='word_1_4' title='bbox 591 137 751 188; x_wconf 84' lang='lat' dir='ltr'>uuonun.</span> <span class='ocrx_word' id='word_1_5' title='bbox 836 103 838 108; x_wconf 65' lang='grc'><strong>’</strong></span> 
     </span>
    </p>
   </div>
   <div class='ocr_carea' id='block_1_2' title="bbox 130 239 977 3254">
    <p class='ocr_par' dir='ltr' id='par_1_2' title="bbox 130 239 977 3194">
     <span class='ocr_line' id='line_1_2' title="bbox 135 239 976 318; baseline 0.007 -23"><span class='ocrx_word' id='word_1_6' title='bbox 135 239 293 296; x_wconf 85' lang='lat' dir='ltr'><strong>admodum</strong></span> <span class='ocrx_word' id='word_1_7' title='bbox 314 239 420 316; x_wconf 90' lang='lat' dir='ltr'>impios</span> <span class='ocrx_word' id='word_1_8' title='bbox 440 240 582 313; x_wconf 84' lang='lat' dir='ltr'>convenit,</span> <span class='ocrx_word' id='word_1_9' title='bbox 596 240 671 298; x_wconf 92' lang='lat' dir='ltr'>mihi</span> <span class='ocrx_word' id='word_1_10' title='bbox 690 240 805 318; x_wconf 88' lang='lat' dir='ltr'>quidem</span> <span class='ocrx_word' id='word_1_11' title='bbox 828 243 976 302; x_wconf 84' lang='lat' dir='ltr'>exanimo</span> 
     </span>
     <span class='ocr_line' id='line_1_3' title="bbox 135 319 977 401; baseline 0.007 -25"><span class='ocrx_word' id='word_1_12' title='bbox 135 319 201 377; x_wconf 84' lang='lat' dir='ltr'>exui</span> <span class='ocrx_word' id='word_1_13' title='bbox 217 338 276 375; x_wconf 92' lang='lat' dir='ltr'>non</span> <span class='ocrx_word' id='word_1_14' title='bbox 293 326 397 396; x_wconf 91' lang='lat' dir='ltr'>potest,</span> <span class='ocrx_word' id='word_1_15' title='bbox 413 338 474 376; x_wconf 88' lang='lat' dir='ltr'>esse</span> <span class='ocrx_word' id='word_1_16' title='bbox 494 320 572 377; x_wconf 78' lang='lat' dir='ltr'>deos</span> <span class='ocrx_word' id='word_1_17' title='bbox 615 320 652 377; x_wconf 95' lang='lat' dir='ltr'>Id</span> <span class='ocrx_word' id='word_1_18' title='bbox 667 327 764 379; x_wconf 83' lang='lat' dir='ltr'>tamen</span> <span class='ocrx_word' id='word_1_19' title='bbox 781 323 885 399; x_wconf 87' lang='lat' dir='ltr'>ipsum,</span> <span class='ocrx_word' id='word_1_20' title='bbox 898 324 977 401; x_wconf 91' lang='lat' dir='ltr'>quod</span> 
     </span>
     <span class='ocr_line' id='line_1_4' title="bbox 134 398 975 476; baseline 0.007 -21"><span class='ocrx_word' id='word_1_21' title='bbox 134 398 207 456; x_wconf 92' lang='lat' dir='ltr'>mihi</span> <span class='ocrx_word' id='word_1_22' title='bbox 221 419 387 476; x_wconf 88' lang='lat' dir='ltr'>persuasum</span> <span class='ocrx_word' id='word_1_23' title='bbox 405 406 448 456; x_wconf 89' lang='lat' dir='ltr'>est</span> <span class='ocrx_word' id='word_1_24' title='bbox 464 400 633 458; x_wconf 87' lang='lat' dir='ltr'>auctoritate</span> <span class='ocrx_word' id='word_1_25' title='bbox 647 401 797 472; x_wconf 86' lang='lat' dir='ltr'>maiorum,</span> <span class='ocrx_word' id='word_1_26' title='bbox 810 421 861 459; x_wconf 91' lang='lat' dir='ltr'>eur</span> <span class='ocrx_word' id='word_1_27' title='bbox 874 404 916 460; x_wconf 86' lang='lat' dir='ltr'>ita</span> <span class='ocrx_word' id='word_1_28' title='bbox 930 404 975 474; x_wconf 88' lang='lat' dir='ltr'>sit,</span> 
     </span>
     <span class='ocr_line' id='line_1_5' title="bbox 134 478 977 558; baseline 0.006 -22"><span class='ocrx_word' id='word_1_29' title='bbox 134 479 206 536; x_wconf 92' lang='lat' dir='ltr'>nihil</span> <span class='ocrx_word' id='word_1_30' title='bbox 223 486 257 536; x_wconf 91' lang='lat' dir='ltr'>tu</span> <span class='ocrx_word' id='word_1_31' title='bbox 272 498 319 536; x_wconf 91' lang='lat' dir='ltr'>me</span> <span class='ocrx_word' id='word_1_32' title='bbox 340 479 433 536; x_wconf 90' lang='lat' dir='ltr'>doces.</span> <span class='ocrx_word' id='word_1_33' title='bbox 476 478 552 547; x_wconf 79' lang='lat' dir='ltr'>Quid</span> <span class='ocrx_word' id='word_1_34' title='bbox 570 488 621 551; x_wconf 88' lang='lat' dir='ltr'>est,</span> <span class='ocrx_word' id='word_1_35' title='bbox 637 481 732 558; x_wconf 89' lang='lat' dir='ltr'>inquit</span> <span class='ocrx_word' id='word_1_36' title='bbox 748 481 865 554; x_wconf 89' lang='lat' dir='ltr'>Balbus,</span> <span class='ocrx_word' id='word_1_37' title='bbox 882 483 906 539; x_wconf 89' lang='lat' dir='ltr'>si</span> <span class='ocrx_word' id='word_1_38' title='bbox 922 483 977 541; x_wconf 92' lang='lat' dir='ltr'>tibi</span> 
     </span>
     <span class='ocr_line' id='line_1_6' title="bbox 134 559 975 636; baseline 0.006 -20"><span class='ocrx_word' id='word_1_39' title='bbox 134 579 300 636; x_wconf 89' lang='lat' dir='ltr'>persuasum</span> <span class='ocrx_word' id='word_1_40' title='bbox 315 566 365 630; x_wconf 89' lang='lat' dir='ltr'>cst,</span> <span class='ocrx_word' id='word_1_41' title='bbox 378 578 428 616; x_wconf 91' lang='lat' dir='ltr'>eur</span> <span class='ocrx_word' id='word_1_42' title='bbox 442 578 459 616; x_wconf 87' lang='lat' dir='ltr'>a</span> <span class='ocrx_word' id='word_1_43' title='bbox 472 578 519 617; x_wconf 90' lang='grc'><strong>1110</strong></span> <span class='ocrx_word' id='word_1_44' title='bbox 532 559 602 616; x_wconf 89' lang='lat' dir='ltr'>velis</span> <span class='ocrx_word' id='word_1_45' title='bbox 616 561 741 618; x_wconf 78' lang='lat' dir='ltr'>discerel</span> <span class='ocrx_word' id='word_1_46' title='bbox 782 560 858 618; x_wconf 91' lang='lat' dir='ltr'>Tum</span> <span class='ocrx_word' id='word_1_47' title='bbox 875 562 975 621; x_wconf 83' lang='lat' dir='ltr'>Cotta:</span> 
     </span>
     <span class='ocr_line' id='line_1_7' title="bbox 134 639 975 718; baseline 0.006 -23"><span class='ocrx_word' id='word_1_48' title='bbox 134 639 209 707; x_wconf 80' lang='lat' dir='ltr'>Quia</span> <span class='ocrx_word' id='word_1_49' title='bbox 231 639 271 696; x_wconf 87' lang='lat' dir='ltr'>sic</span> <span class='ocrx_word' id='word_1_50' title='bbox 293 639 454 715; x_wconf 82' lang='lat' dir='ltr'>adgredior,</span> <span class='ocrx_word' id='word_1_51' title='bbox 469 639 572 716; x_wconf 87' lang='lat' dir='ltr'>inquit,</span> <span class='ocrx_word' id='word_1_52' title='bbox 587 640 625 697; x_wconf 87' lang='lat' dir='ltr'>ad</span> <span class='ocrx_word' id='word_1_53' title='bbox 644 640 718 697; x_wconf 87' lang='lat' dir='ltr'>hauc</span> <span class='ocrx_word' id='word_1_54' title='bbox 740 641 975 718; x_wconf 88' lang='lat' dir='ltr'>disputationem,</span> 
     </span>
     <span class='ocr_line' id='line_1_8' title="bbox 134 719 975 796; baseline 0.006 -21"><span class='ocrx_word' id='word_1_55' title='bbox 134 719 215 796; x_wconf 82' lang='lat' dir='ltr'>quasi</span> <span class='ocrx_word' id='word_1_56' title='bbox 233 719 304 776; x_wconf 82' lang='lat' dir='ltr'>nihil</span> <span class='ocrx_word' id='word_1_57' title='bbox 321 738 459 796; x_wconf 91' lang='lat' dir='ltr'>umquam</span> <span class='ocrx_word' id='word_1_58' title='bbox 480 719 619 776; x_wconf 82' lang='lat' dir='ltr'>audierim</span> <span class='ocrx_word' id='word_1_59' title='bbox 640 720 677 778; x_wconf 90' lang='lat' dir='ltr'>de</span> <span class='ocrx_word' id='word_1_60' title='bbox 694 720 738 778; x_wconf 91' lang='lat' dir='ltr'>dis</span> <span class='ocrx_word' id='word_1_61' title='bbox 755 721 975 796; x_wconf 75' lang='lat' dir='ltr'>immortalibus,</span> 
     </span>
     <span class='ocr_line' id='line_1_9' title="bbox 133 799 976 879; baseline 0.006 -25"><span class='ocrx_word' id='word_1_62' title='bbox 133 799 205 855; x_wconf 87' lang='lat' dir='ltr'>nihil</span> <span class='ocrx_word' id='word_1_63' title='bbox 220 799 414 876; x_wconf 80' lang='lat' dir='ltr'>cogitaverim,</span> <span class='ocrx_word' id='word_1_64' title='bbox 426 799 526 857; x_wconf 91' lang='lat' dir='ltr'>rudem</span> <span class='ocrx_word' id='word_1_65' title='bbox 540 819 587 858; x_wconf 91' lang='lat' dir='ltr'>me</span> <span class='ocrx_word' id='word_1_66' title='bbox 601 806 631 857; x_wconf 92' lang='lat' dir='ltr'>et</span> <span class='ocrx_word' id='word_1_67' title='bbox 644 801 788 878; x_wconf 84' lang='lat' dir='ltr'>integrum</span> <span class='ocrx_word' id='word_1_68' title='bbox 802 801 976 879; x_wconf 91' lang='lat' dir='ltr'>discipulum</span> 
     </span>
     <span class='ocr_line' id='line_1_10' title="bbox 133 879 974 958; baseline 0.002 -22"><span class='ocrx_word' id='word_1_69' title='bbox 133 879 230 955; x_wconf 80' lang='lat' dir='ltr'>accipe</span> <span class='ocrx_word' id='word_1_70' title='bbox 255 886 284 936; x_wconf 87' lang='lat' dir='ltr'>et</span> <span class='ocrx_word' id='word_1_71' title='bbox 311 899 442 957; x_wconf 75' lang='lat' dir='ltr'>eaquae</span> <span class='ocrx_word' id='word_1_72' title='bbox 466 881 588 958; x_wconf 86' lang='lat' dir='ltr'>requiro,</span> <span class='ocrx_word' id='word_1_73' title='bbox 607 881 686 939; x_wconf 87' lang='lat' dir='ltr'>doce.</span> <span class='ocrx_word' id='word_1_74' title='bbox 740 887 766 938; x_wconf 84' lang='grc'>8.</span> <span class='ocrx_word' id='word_1_75' title='bbox 794 881 850 938; x_wconf 91' lang='lat' dir='ltr'>Dic</span> <span class='ocrx_word' id='word_1_76' title='bbox 877 882 974 958; x_wconf 84' lang='lat' dir='ltr'>igitur,</span> 
     </span>
     <span class='ocr_line' id='line_1_11' title="bbox 133 958 974 1038; baseline 0.004 -22"><span class='ocrx_word' id='word_1_77' title='bbox 133 958 237 1036; x_wconf 89' lang='lat' dir='ltr'>inquit,</span> <span class='ocrx_word' id='word_1_78' title='bbox 255 959 325 1036; x_wconf 92' lang='lat' dir='ltr'>quid</span> <span class='ocrx_word' id='word_1_79' title='bbox 349 961 482 1037; x_wconf 78' lang='lat' dir='ltr'>requiras,</span> <span class='ocrx_word' id='word_1_80' title='bbox 525 960 645 1037; x_wconf 64' lang='lat' dir='ltr'>Egone?</span> <span class='ocrx_word' id='word_1_81' title='bbox 668 960 794 1038; x_wconf 90' lang='lat' dir='ltr'>primum</span> <span class='ocrx_word' id='word_1_82' title='bbox 818 960 898 1032; x_wconf 94' lang='lat' dir='ltr'>illud,</span> <span class='ocrx_word' id='word_1_83' title='bbox 916 980 974 1032; x_wconf 89' lang='lat' dir='ltr'>cur,</span> 
     </span>
     <span class='ocr_line' id='line_1_12' title="bbox 133 1038 976 1117; baseline 0.005 -22"><span class='ocrx_word' id='word_1_84' title='bbox 133 1038 213 1114; x_wconf 92' lang='lat' dir='ltr'>quod</span> <span class='ocrx_word' id='word_1_85' title='bbox 235 1040 265 1096; x_wconf 91' lang='lat' dir='ltr'>iu</span> <span class='ocrx_word' id='word_1_86' title='bbox 288 1040 342 1097; x_wconf 86' lang='lat' dir='ltr'>ista</span> <span class='ocrx_word' id='word_1_87' title='bbox 362 1041 517 1117; x_wconf 74' lang='lat' dir='ltr'>partitione</span> <span class='ocrx_word' id='word_1_88' title='bbox 539 1059 576 1097; x_wconf 91' lang='lat' dir='ltr'>ne</span> <span class='ocrx_word' id='word_1_89' title='bbox 600 1059 682 1117; x_wconf 85' lang='lat' dir='ltr'>egere</span> <span class='ocrx_word' id='word_1_90' title='bbox 706 1040 821 1117; x_wconf 88' lang='lat' dir='ltr'>quidem</span> <span class='ocrx_word' id='word_1_91' title='bbox 846 1041 976 1099; x_wconf 87' lang='lat' dir='ltr'>oratioue</span> 
     </span>
     <span class='ocr_line' id='line_1_13' title="bbox 133 1118 976 1198; baseline 0.001 -23"><span class='ocrx_word' id='word_1_92' title='bbox 133 1118 260 1190; x_wconf 88' lang='lat' dir='ltr'>dixisses,</span> <span class='ocrx_word' id='word_1_93' title='bbox 274 1119 351 1196; x_wconf 92' lang='lat' dir='ltr'>quod</span> <span class='ocrx_word' id='word_1_94' title='bbox 368 1128 441 1178; x_wconf 91' lang='lat' dir='ltr'>esset</span> <span class='ocrx_word' id='word_1_95' title='bbox 457 1120 640 1198; x_wconf 86' lang='lat' dir='ltr'>perspicuum</span> <span class='ocrx_word' id='word_1_96' title='bbox 657 1127 686 1177; x_wconf 89' lang='lat' dir='ltr'>et</span> <span class='ocrx_word' id='word_1_97' title='bbox 700 1121 774 1177; x_wconf 91' lang='lat' dir='ltr'>inter</span> <span class='ocrx_word' id='word_1_98' title='bbox 790 1139 889 1177; x_wconf 88' lang='lat' dir='ltr'>omnes</span> <span class='ocrx_word' id='word_1_99' title='bbox 910 1140 976 1178; x_wconf 86' lang='grc'><strong>0011-</strong></span> 
     </span>
     <span class='ocr_line' id='line_1_14' title="bbox 133 1199 976 1277; baseline 0.002 -21"><span class='ocrx_word' id='word_1_100' title='bbox 133 1205 229 1269; x_wconf 84' lang='lat' dir='ltr'>staret,</span> <span class='ocrx_word' id='word_1_101' title='bbox 245 1199 281 1256; x_wconf 93' lang='lat' dir='ltr'>dc</span> <span class='ocrx_word' id='word_1_102' title='bbox 298 1217 332 1256; x_wconf 91' lang='lat' dir='ltr'>eo</span> <span class='ocrx_word' id='word_1_103' title='bbox 349 1199 412 1277; x_wconf 91' lang='lat' dir='ltr'>ipso</span> <span class='ocrx_word' id='word_1_104' title='bbox 428 1207 489 1257; x_wconf 90' lang='lat' dir='ltr'>tam</span> <span class='ocrx_word' id='word_1_105' title='bbox 506 1200 598 1258; x_wconf 89' lang='lat' dir='ltr'>multa</span> <span class='ocrx_word' id='word_1_106' title='bbox 613 1200 726 1257; x_wconf 85' lang='lat' dir='ltr'>dixeris.</span> <span class='ocrx_word' id='word_1_107' title='bbox 769 1199 844 1269; x_wconf 78' lang='lat' dir='ltr'>Quia</span> <span class='ocrx_word' id='word_1_108' title='bbox 860 1207 889 1258; x_wconf 91' lang='lat' dir='ltr'>te</span> <span class='ocrx_word' id='word_1_109' title='bbox 907 1220 976 1276; x_wconf 90' lang='lat' dir='ltr'>quo·</span> 
     </span>
     <span class='ocr_line' id='line_1_15' title="bbox 133 1279 975 1356; baseline 0.002 -21"><span class='ocrx_word' id='word_1_110' title='bbox 133 1297 196 1356; x_wconf 89' lang='lat' dir='ltr'>que,</span> <span class='ocrx_word' id='word_1_111' title='bbox 212 1279 315 1356; x_wconf 91' lang='lat' dir='ltr'>inquit,</span> <span class='ocrx_word' id='word_1_112' title='bbox 333 1280 530 1352; x_wconf 88' lang='lat' dir='ltr'>animadverti,</span> <span class='ocrx_word' id='word_1_113' title='bbox 548 1280 644 1352; x_wconf 84' lang='lat' dir='ltr'>Cotta,</span> <span class='ocrx_word' id='word_1_114' title='bbox 663 1299 754 1356; x_wconf 89' lang='lat' dir='ltr'>saepe,</span> <span class='ocrx_word' id='word_1_115' title='bbox 771 1299 837 1336; x_wconf 91' lang='lat' dir='ltr'>eum</span> <span class='ocrx_word' id='word_1_116' title='bbox 857 1279 887 1336; x_wconf 92' lang='lat' dir='ltr'>iu</span> <span class='ocrx_word' id='word_1_117' title='bbox 909 1280 975 1337; x_wconf 84' lang='lat' dir='ltr'>loro</span> 
     </span>
     <span class='ocr_line' id='line_1_16' title="bbox 133 1358 975 1437; baseline 0.002 -22"><span class='ocrx_word' id='word_1_118' title='bbox 133 1358 249 1430; x_wconf 88' lang='lat' dir='ltr'>diceres,</span> <span class='ocrx_word' id='word_1_119' title='bbox 272 1378 358 1436; x_wconf 91' lang='lat' dir='ltr'>quam</span> <span class='ocrx_word' id='word_1_120' title='bbox 382 1359 513 1436; x_wconf 89' lang='lat' dir='ltr'>plurimis</span> <span class='ocrx_word' id='word_1_121' title='bbox 534 1379 633 1436; x_wconf 89' lang='lat' dir='ltr'>posses</span> <span class='ocrx_word' id='word_1_122' title='bbox 657 1360 834 1437; x_wconf 72' lang='lat' dir='ltr'>argumentis</span> <span class='ocrx_word' id='word_1_123' title='bbox 858 1378 975 1418; x_wconf 89' lang='lat' dir='ltr'>onerare</span> 
     </span>
     <span class='ocr_line' id='line_1_17' title="bbox 132 1438 973 1511; baseline 0.004 -16"><span class='ocrx_word' id='word_1_124' title='bbox 132 1438 265 1509; x_wconf 89' lang='lat' dir='ltr'>iudicem,</span> <span class='ocrx_word' id='word_1_125' title='bbox 281 1439 306 1495; x_wconf 88' lang='lat' dir='ltr'>si</span> <span class='ocrx_word' id='word_1_126' title='bbox 326 1439 414 1496; x_wconf 93' lang='lat' dir='ltr'>modo</span> <span class='ocrx_word' id='word_1_127' title='bbox 437 1458 499 1496; x_wconf 88' lang='lat' dir='ltr'>eam</span> <span class='ocrx_word' id='word_1_128' title='bbox 518 1440 685 1511; x_wconf 67' lang='lat' dir='ltr'>facultatem</span> <span class='ocrx_word' id='word_1_129' title='bbox 708 1439 762 1497; x_wconf 92' lang='lat' dir='ltr'>tibi</span> <span class='ocrx_word' id='word_1_130' title='bbox 782 1440 863 1498; x_wconf 88' lang='lat' dir='ltr'>daret</span> <span class='ocrx_word' id='word_1_131' title='bbox 881 1459 973 1498; x_wconf 77' lang='lat' dir='ltr'>caiisa</span> 
     </span>
     <span class='ocr_line' id='line_1_18' title="bbox 132 1517 976 1597; baseline 0.005 -23"><span class='ocrx_word' id='word_1_132' title='bbox 132 1517 230 1595; x_wconf 87' lang='lat' dir='ltr'>Atque</span> <span class='ocrx_word' id='word_1_133' title='bbox 244 1519 299 1576; x_wconf 88' lang='lat' dir='ltr'>hoe</span> <span class='ocrx_word' id='word_1_134' title='bbox 314 1519 391 1576; x_wconf 91' lang='lat' dir='ltr'>idem</span> <span class='ocrx_word' id='word_1_135' title='bbox 408 1526 438 1577; x_wconf 90' lang='lat' dir='ltr'>et</span> <span class='ocrx_word' id='word_1_136' title='bbox 451 1519 617 1597; x_wconf 91' lang='lat' dir='ltr'>philosophi</span> <span class='ocrx_word' id='word_1_137' title='bbox 628 1520 739 1578; x_wconf 85' lang='lat' dir='ltr'>faciunt</span> <span class='ocrx_word' id='word_1_138' title='bbox 753 1527 783 1578; x_wconf 88' lang='lat' dir='ltr'>et</span> <span class='ocrx_word' id='word_1_139' title='bbox 799 1539 853 1597; x_wconf 85' lang='lat' dir='ltr'>ego</span> <span class='ocrx_word' id='word_1_140' title='bbox 869 1528 901 1577; x_wconf 90' lang='lat' dir='ltr'>ut</span> <span class='ocrx_word' id='word_1_141' title='bbox 912 1528 976 1596; x_wconf 79' lang='lat' dir='ltr'>pot</span> 
     </span>
     <span class='ocr_line' id='line_1_19' title="bbox 132 1598 974 1678; baseline 0.004 -23"><span class='ocrx_word' id='word_1_142' title='bbox 132 1599 162 1654; x_wconf 93' lang='lat' dir='ltr'>ui</span> <span class='ocrx_word' id='word_1_143' title='bbox 179 1599 244 1656; x_wconf 86' lang='lat' dir='ltr'>feei.</span> <span class='ocrx_word' id='word_1_144' title='bbox 287 1598 331 1656; x_wconf 93' lang='grc' dir='ltr'>Τ11</span> <span class='ocrx_word' id='word_1_145' title='bbox 349 1606 454 1671; x_wconf 86' lang='lat' dir='ltr'>autem,</span> <span class='ocrx_word' id='word_1_146' title='bbox 470 1601 519 1677; x_wconf 91' lang='lat' dir='ltr'>qui</span> <span class='ocrx_word' id='word_1_147' title='bbox 533 1600 565 1657; x_wconf 90' lang='lat' dir='ltr'>id</span> <span class='ocrx_word' id='word_1_148' title='bbox 579 1601 698 1678; x_wconf 88' lang='lat' dir='ltr'>quaeris,</span> <span class='ocrx_word' id='word_1_149' title='bbox 711 1600 842 1658; x_wconf 90' lang='lat' dir='ltr'>similiter</span> <span class='ocrx_word' id='word_1_150' title='bbox 855 1601 928 1658; x_wconf 81' lang='lat' dir='ltr'>facis</span> <span class='ocrx_word' id='word_1_151' title='bbox 942 1621 974 1658; x_wconf 89' lang='lat' dir='ltr'>ae</span> 
     </span>
     <span class='ocr_line' id='line_1_20' title="bbox 132 1679 976 1755; baseline 0.005 -21"><span class='ocrx_word' id='word_1_152' title='bbox 132 1679 156 1734; x_wconf 88' lang='lat' dir='ltr'>si</span> <span class='ocrx_word' id='word_1_153' title='bbox 170 1697 217 1736; x_wconf 89' lang='lat' dir='ltr'>me</span> <span class='ocrx_word' id='word_1_154' title='bbox 231 1697 314 1755; x_wconf 81' lang='lat' dir='ltr'>roges</span> <span class='ocrx_word' id='word_1_155' title='bbox 331 1687 423 1737; x_wconf 90' lang='lat' dir='ltr'>curte</span> <span class='ocrx_word' id='word_1_156' title='bbox 437 1680 550 1737; x_wconf 90' lang='lat' dir='ltr'>duobus</span> <span class='ocrx_word' id='word_1_157' title='bbox 566 1687 702 1738; x_wconf 89' lang='lat' dir='ltr'>contuear</span> <span class='ocrx_word' id='word_1_158' title='bbox 716 1680 806 1738; x_wconf 90' lang='lat' dir='ltr'>oculis</span> <span class='ocrx_word' id='word_1_159' title='bbox 820 1687 851 1738; x_wconf 88' lang='lat' dir='ltr'>et</span> <span class='ocrx_word' id='word_1_160' title='bbox 863 1699 923 1738; x_wconf 90' lang='grc'><strong>11011</strong></span> <span class='ocrx_word' id='word_1_161' title='bbox 937 1682 976 1738; x_wconf 87' lang='lat' dir='ltr'>al·</span> 
     </span>
     <span class='ocr_line' id='line_1_21' title="bbox 131 1759 974 1837; baseline 0.007 -23"><span class='ocrx_word' id='word_1_162' title='bbox 131 1765 194 1814; x_wconf 91' lang='lat' dir='ltr'>tero</span> <span class='ocrx_word' id='word_1_163' title='bbox 215 1766 358 1830; x_wconf 87' lang='lat' dir='ltr'>contuear,</span> <span class='ocrx_word' id='word_1_164' title='bbox 374 1778 440 1816; x_wconf 88' lang='lat' dir='ltr'>curn</span> <span class='ocrx_word' id='word_1_165' title='bbox 456 1759 533 1817; x_wconf 90' lang='lat' dir='ltr'>idern</span> <span class='ocrx_word' id='word_1_166' title='bbox 550 1778 608 1817; x_wconf 90' lang='lat' dir='ltr'>uno</span> <span class='ocrx_word' id='word_1_167' title='bbox 626 1760 744 1837; x_wconf 84' lang='lat' dir='ltr'>adsequi</span> <span class='ocrx_word' id='word_1_168' title='bbox 760 1761 877 1837; x_wconf 88' lang='lat' dir='ltr'>possim.</span> <span class='ocrx_word' id='word_1_169' title='bbox 920 1761 974 1820; x_wconf 85' lang='lat' dir='ltr'>IV.</span> 
     </span>
     <span class='ocr_line' id='line_1_22' title="bbox 132 1837 975 1916; baseline 0.005 -22"><span class='ocrx_word' id='word_1_170' title='bbox 132 1843 159 1895; x_wconf 89' lang='lat'>9.</span> <span class='ocrx_word' id='word_1_171' title='bbox 181 1837 257 1895; x_wconf 86' lang='lat' dir='ltr'>Tum</span> <span class='ocrx_word' id='word_1_172' title='bbox 274 1837 378 1896; x_wconf 79' lang='lat' dir='ltr'>Cotta:</span> <span class='ocrx_word' id='word_1_173' title='bbox 400 1838 493 1907; x_wconf 76' lang='lat' dir='ltr'>Quam</span> <span class='ocrx_word' id='word_1_174' title='bbox 511 1840 602 1898; x_wconf 88' lang='lat' dir='ltr'>simile</span> <span class='ocrx_word' id='word_1_175' title='bbox 619 1839 698 1897; x_wconf 89' lang='lat' dir='ltr'>istud</span> <span class='ocrx_word' id='word_1_176' title='bbox 712 1840 757 1911; x_wconf 89' lang='lat' dir='ltr'>sit,</span> <span class='ocrx_word' id='word_1_177' title='bbox 770 1840 874 1916; x_wconf 88' lang='lat' dir='ltr'>inquit,</span> <span class='ocrx_word' id='word_1_178' title='bbox 885 1848 918 1898; x_wconf 92' lang='lat' dir='ltr'>tu</span> <span class='ocrx_word' id='word_1_179' title='bbox 935 1842 975 1898; x_wconf 91' lang='lat' dir='ltr'>vi-</span> 
     </span>
     <span class='ocr_line' id='line_1_23' title="bbox 132 1917 974 1996; baseline 0.005 -22"><span class='ocrx_word' id='word_1_180' title='bbox 132 1917 215 1975; x_wconf 89' lang='lat' dir='ltr'>deris.</span> <span class='ocrx_word' id='word_1_181' title='bbox 258 1917 334 1974; x_wconf 90' lang='lat' dir='ltr'>Nam</span> <span class='ocrx_word' id='word_1_182' title='bbox 349 1937 403 1995; x_wconf 78' lang='lat' dir='ltr'>ego</span> <span class='ocrx_word' id='word_1_183' title='bbox 417 1938 510 1996; x_wconf 89' lang='lat' dir='ltr'>neque</span> <span class='ocrx_word' id='word_1_184' title='bbox 523 1920 554 1976; x_wconf 91' lang='lat' dir='ltr'>iu</span> <span class='ocrx_word' id='word_1_185' title='bbox 568 1920 668 1992; x_wconf 87' lang='lat' dir='ltr'>causis,</span> <span class='ocrx_word' id='word_1_186' title='bbox 681 1919 705 1976; x_wconf 92' lang='lat' dir='ltr'>si</span> <span class='ocrx_word' id='word_1_187' title='bbox 719 1919 790 1996; x_wconf 91' lang='lat' dir='ltr'>quid</span> <span class='ocrx_word' id='word_1_188' title='bbox 804 1927 848 1977; x_wconf 88' lang='lat' dir='ltr'>est</span> <span class='ocrx_word' id='word_1_189' title='bbox 858 1920 974 1978; x_wconf 87' lang='lat' dir='ltr'>evidens</span> 
     </span>
     <span class='ocr_line' id='line_1_24' title="bbox 131 1997 973 2076; baseline 0.005 -22"><span class='ocrx_word' id='word_1_190' title='bbox 131 1998 168 2055; x_wconf 92' lang='lat' dir='ltr'>de</span> <span class='ocrx_word' id='word_1_191' title='bbox 190 2017 246 2071; x_wconf 80' lang='lat' dir='ltr'>qrro</span> <span class='ocrx_word' id='word_1_192' title='bbox 267 1997 343 2055; x_wconf 93' lang='lat' dir='ltr'>inter</span> <span class='ocrx_word' id='word_1_193' title='bbox 363 2017 462 2056; x_wconf 90' lang='lat' dir='ltr'>omnes</span> <span class='ocrx_word' id='word_1_194' title='bbox 486 2000 645 2071; x_wconf 89' lang='lat' dir='ltr'>conveniat,</span> <span class='ocrx_word' id='word_1_195' title='bbox 660 1999 854 2076; x_wconf 84' lang='lat' dir='ltr'>argumentari</span> <span class='ocrx_word' id='word_1_196' title='bbox 878 2000 973 2058; x_wconf 88' lang='lat' dir='ltr'>soleo:</span> 
     </span>
     <span class='ocr_line' id='line_1_25' title="bbox 131 2077 976 2155; baseline 0.006 -21"><span class='ocrx_word' id='word_1_197' title='bbox 131 2077 319 2155; x_wconf 83' lang='lat' dir='ltr'>perspicuitas</span> <span class='ocrx_word' id='word_1_198' title='bbox 336 2079 413 2136; x_wconf 89' lang='lat' dir='ltr'>enim</span> <span class='ocrx_word' id='word_1_199' title='bbox 426 2080 674 2154; x_wconf 75' lang='lat' dir='ltr'>argumentatione</span> <span class='ocrx_word' id='word_1_200' title='bbox 688 2080 821 2152; x_wconf 89' lang='lat' dir='ltr'>elevatur,</span> <span class='ocrx_word' id='word_1_201' title='bbox 832 2099 892 2152; x_wconf 86' lang='lat' dir='ltr'>nec,</span> <span class='ocrx_word' id='word_1_202' title='bbox 906 2080 930 2137; x_wconf 92' lang='lat' dir='ltr'>si</span> <span class='ocrx_word' id='word_1_203' title='bbox 943 2081 976 2139; x_wconf 89' lang='lat' dir='ltr'>id</span> 
     </span>
     <span class='ocr_line' id='line_1_26' title="bbox 131 2158 975 2235; baseline 0.004 -21"><span class='ocrx_word' id='word_1_204' title='bbox 131 2159 255 2215; x_wconf 88' lang='lat' dir='ltr'>facerem</span> <span class='ocrx_word' id='word_1_205' title='bbox 274 2158 305 2215; x_wconf 90' lang='lat' dir='ltr'>in</span> <span class='ocrx_word' id='word_1_206' title='bbox 327 2159 419 2216; x_wconf 87' lang='lat' dir='ltr'>causis</span> <span class='ocrx_word' id='word_1_207' title='bbox 440 2159 611 2230; x_wconf 82' lang='lat' dir='ltr'>forensibus,</span> <span class='ocrx_word' id='word_1_208' title='bbox 626 2160 704 2235; x_wconf 85' lang='lat' dir='ltr'>idem</span> <span class='ocrx_word' id='word_1_209' title='bbox 723 2160 847 2217; x_wconf 87' lang='lat' dir='ltr'>facerem</span> <span class='ocrx_word' id='word_1_210' title='bbox 868 2161 898 2217; x_wconf 93' lang='lat' dir='ltr'>iu</span> <span class='ocrx_word' id='word_1_211' title='bbox 920 2159 975 2218; x_wconf 84' lang='lat' dir='ltr'>hae</span> 
     </span>
     <span class='ocr_line' id='line_1_27' title="bbox 131 2237 974 2297; baseline 0.004 -3"><span class='ocrx_word' id='word_1_212' title='bbox 131 2237 289 2296; x_wconf 86' lang='lat' dir='ltr'>subtilitate</span> <span class='ocrx_word' id='word_1_213' title='bbox 313 2239 458 2297; x_wconf 82' lang='lat' dir='ltr'>sermonis</span> <span class='ocrx_word' id='word_1_214' title='bbox 502 2239 561 2297; x_wconf 82' lang='lat' dir='ltr'>Cur</span> <span class='ocrx_word' id='word_1_215' title='bbox 581 2247 746 2297; x_wconf 87' lang='lat' dir='ltr'>contuerere</span> <span class='ocrx_word' id='word_1_216' title='bbox 767 2247 863 2297; x_wconf 86' lang='lat' dir='ltr'>autern</span> <span class='ocrx_word' id='word_1_217' title='bbox 884 2240 974 2297; x_wconf 89' lang='lat' dir='ltr'>altero</span> 
     </span>
     <span class='ocr_line' id='line_1_28' title="bbox 131 2319 976 2392; baseline 0.002 -17"><span class='ocrx_word' id='word_1_218' title='bbox 131 2319 216 2376; x_wconf 92' lang='lat' dir='ltr'>oculo</span> <span class='ocrx_word' id='word_1_219' title='bbox 236 2337 321 2376; x_wconf 86' lang='lat' dir='ltr'>causa</span> <span class='ocrx_word' id='word_1_220' title='bbox 337 2338 395 2376; x_wconf 93' lang='lat' dir='ltr'>non</span> <span class='ocrx_word' id='word_1_221' title='bbox 413 2326 495 2392; x_wconf 85' lang='lat' dir='ltr'>esset,</span> <span class='ocrx_word' id='word_1_222' title='bbox 511 2338 577 2377; x_wconf 91' lang='lat' dir='ltr'>cum</span> <span class='ocrx_word' id='word_1_223' title='bbox 594 2320 671 2376; x_wconf 93' lang='lat' dir='ltr'>idem</span> <span class='ocrx_word' id='word_1_224' title='bbox 689 2319 808 2377; x_wconf 89' lang='lat' dir='ltr'>obtutus</span> <span class='ocrx_word' id='word_1_225' title='bbox 825 2326 900 2377; x_wconf 87' lang='lat' dir='ltr'>esset</span> <span class='ocrx_word' id='word_1_226' title='bbox 916 2339 976 2376; x_wconf 89' lang='lat' dir='ltr'>am-</span> 
     </span>
     <span class='ocr_line' id='line_1_29' title="bbox 130 2399 974 2476; baseline 0 -20"><span class='ocrx_word' id='word_1_227' title='bbox 130 2399 242 2467; x_wconf 85' lang='lat' dir='ltr'>borum,</span> <span class='ocrx_word' id='word_1_228' title='bbox 258 2406 288 2456; x_wconf 88' lang='lat' dir='ltr'>et</span> <span class='ocrx_word' id='word_1_229' title='bbox 312 2418 376 2456; x_wconf 90' lang='lat' dir='ltr'>eum</span> <span class='ocrx_word' id='word_1_230' title='bbox 401 2419 496 2457; x_wconf 91' lang='lat' dir='ltr'>rerum</span> <span class='ocrx_word' id='word_1_231' title='bbox 520 2406 629 2470; x_wconf 83' lang='lat' dir='ltr'>natura,</span> <span class='ocrx_word' id='word_1_232' title='bbox 646 2419 732 2476; x_wconf 90' lang='lat' dir='ltr'>quam</span> <span class='ocrx_word' id='word_1_233' title='bbox 757 2406 790 2457; x_wconf 89' lang='lat' dir='ltr'>tu</span> <span class='ocrx_word' id='word_1_234' title='bbox 815 2399 974 2476; x_wconf 86' lang='lat' dir='ltr'>sapientem</span> 
     </span>
     <span class='ocr_line' id='line_1_30' title="bbox 131 2478 976 2556; baseline 0 -20"><span class='ocrx_word' id='word_1_235' title='bbox 131 2498 191 2536; x_wconf 89' lang='grc'><strong>0110</strong></span> <span class='ocrx_word' id='word_1_236' title='bbox 212 2479 264 2552; x_wconf 81' lang='lat' dir='ltr'>vis,</span> <span class='ocrx_word' id='word_1_237' title='bbox 279 2479 338 2536; x_wconf 91' lang='lat' dir='ltr'>duo</span> <span class='ocrx_word' id='word_1_238' title='bbox 356 2478 464 2536; x_wconf 88' lang='lat' dir='ltr'>lumina</span> <span class='ocrx_word' id='word_1_239' title='bbox 484 2479 521 2536; x_wconf 89' lang='lat' dir='ltr'>ab</span> <span class='ocrx_word' id='word_1_240' title='bbox 541 2480 638 2536; x_wconf 89' lang='lat' dir='ltr'>animo</span> <span class='ocrx_word' id='word_1_241' title='bbox 659 2480 696 2536; x_wconf 90' lang='lat' dir='ltr'>ad</span> <span class='ocrx_word' id='word_1_242' title='bbox 713 2479 811 2537; x_wconf 90' lang='lat' dir='ltr'>oculos</span> <span class='ocrx_word' id='word_1_243' title='bbox 828 2479 976 2556; x_wconf 87' lang='lat' dir='ltr'>perforata</span> 
     </span>
     <span class='ocr_line' id='line_1_31' title="bbox 131 2558 975 2636; baseline 0.001 -21"><span class='ocrx_word' id='word_1_244' title='bbox 131 2578 184 2616; x_wconf 90' lang='lat' dir='ltr'>uos</span> <span class='ocrx_word' id='word_1_245' title='bbox 201 2558 304 2616; x_wconf 88' lang='lat' dir='ltr'>habere</span> <span class='ocrx_word' id='word_1_246' title='bbox 320 2559 463 2617; x_wconf 87' lang='lat' dir='ltr'>voluisset.</span> <span class='ocrx_word' id='word_1_247' title='bbox 507 2558 564 2616; x_wconf 87' lang='lat' dir='ltr'>Sed</span> <span class='ocrx_word' id='word_1_248' title='bbox 579 2559 718 2636; x_wconf 91' lang='lat' dir='ltr'>quianon</span> <span class='ocrx_word' id='word_1_249' title='bbox 735 2559 899 2617; x_wconf 85' lang='lat' dir='ltr'>confidebas</span> <span class='ocrx_word' id='word_1_250' title='bbox 912 2566 975 2616; x_wconf 91' lang='lat' dir='ltr'>tam</span> 
     </span>
     <span class='ocr_line' id='line_1_32' title="bbox 130 2638 976 2716; baseline 0 -21"><span class='ocrx_word' id='word_1_251' title='bbox 130 2657 191 2695; x_wconf 90' lang='grc'><strong>0110</strong></span> <span class='ocrx_word' id='word_1_252' title='bbox 205 2638 236 2694; x_wconf 94' lang='lat' dir='ltr'>id</span> <span class='ocrx_word' id='word_1_253' title='bbox 250 2639 432 2716; x_wconf 88' lang='lat' dir='ltr'>perspicuum</span> <span class='ocrx_word' id='word_1_254' title='bbox 451 2658 537 2716; x_wconf 89' lang='lat' dir='ltr'>quam</span> <span class='ocrx_word' id='word_1_255' title='bbox 553 2647 586 2696; x_wconf 88' lang='lat' dir='ltr'>tu</span> <span class='ocrx_word' id='word_1_256' title='bbox 603 2639 696 2711; x_wconf 88' lang='lat' dir='ltr'>velles,</span> <span class='ocrx_word' id='word_1_257' title='bbox 709 2646 861 2716; x_wconf 86' lang='lat' dir='ltr'>propterea</span> <span class='ocrx_word' id='word_1_258' title='bbox 874 2638 976 2696; x_wconf 89' lang='lat' dir='ltr'>multis</span> 
     </span>
     <span class='ocr_line' id='line_1_33' title="bbox 131 2718 975 2792; baseline 0.001 -19"><span class='ocrx_word' id='word_1_259' title='bbox 131 2719 306 2792; x_wconf 79' lang='lat' dir='ltr'>argumentis</span> <span class='ocrx_word' id='word_1_260' title='bbox 330 2719 399 2774; x_wconf 89' lang='lat' dir='ltr'>deos</span> <span class='ocrx_word' id='word_1_261' title='bbox 423 2738 483 2776; x_wconf 88' lang='lat' dir='ltr'>esse</span> <span class='ocrx_word' id='word_1_262' title='bbox 508 2719 610 2776; x_wconf 91' lang='lat' dir='ltr'>docere</span> <span class='ocrx_word' id='word_1_263' title='bbox 634 2719 757 2776; x_wconf 88' lang='lat' dir='ltr'>voluisti.</span> <span class='ocrx_word' id='word_1_264' title='bbox 801 2718 874 2775; x_wconf 93' lang='lat' dir='ltr'>Mihi</span> <span class='ocrx_word' id='word_1_265' title='bbox 896 2719 975 2775; x_wconf 89' lang='lat' dir='ltr'>enim</span> 
     </span>
     <span class='ocr_line' id='line_1_34' title="bbox 131 2798 973 2857; baseline 0.007 -6"><span class='ocrx_word' id='word_1_266' title='bbox 131 2816 221 2852; x_wconf 93' lang='lat' dir='ltr'>unum</span> <span class='ocrx_word' id='word_1_267' title='bbox 243 2803 286 2852; x_wconf 88' lang='lat' dir='ltr'>sat</span> <span class='ocrx_word' id='word_1_268' title='bbox 305 2804 365 2854; x_wconf 89' lang='lat' dir='ltr'>erat</span> <span class='ocrx_word' id='word_1_269' title='bbox 383 2798 424 2854; x_wconf 88' lang='lat' dir='ltr'>ita</span> <span class='ocrx_word' id='word_1_270' title='bbox 443 2798 526 2855; x_wconf 94' lang='lat' dir='ltr'>nobis</span> <span class='ocrx_word' id='word_1_271' title='bbox 543 2799 665 2856; x_wconf 87' lang='lat' dir='ltr'>maiores</span> <span class='ocrx_word' id='word_1_272' title='bbox 683 2805 794 2855; x_wconf 89' lang='lat' dir='ltr'>nostros</span> <span class='ocrx_word' id='word_1_273' title='bbox 811 2798 973 2857; x_wconf 87' lang='lat' dir='ltr'>tradidisse.</span> 
     </span>
     <span class='ocr_line' id='line_1_35' title="bbox 132 2874 973 2956; baseline 0.007 -27"><span class='ocrx_word' id='word_1_274' title='bbox 132 2874 190 2930; x_wconf 84' lang='lat' dir='ltr'>Sed</span> <span class='ocrx_word' id='word_1_275' title='bbox 203 2881 236 2930; x_wconf 90' lang='lat' dir='ltr'>tu</span> <span class='ocrx_word' id='word_1_276' title='bbox 253 2876 436 2934; x_wconf 86' lang='lat' dir='ltr'>auctoritates</span> <span class='ocrx_word' id='word_1_277' title='bbox 452 2879 621 2949; x_wconf 89' lang='lat' dir='ltr'>contemnis,</span> <span class='ocrx_word' id='word_1_278' title='bbox 635 2879 744 2936; x_wconf 90' lang='lat' dir='ltr'>ratione</span> <span class='ocrx_word' id='word_1_279' title='bbox 761 2897 880 2956; x_wconf 84' lang='lat' dir='ltr'>pugnas.</span> <span class='ocrx_word' id='word_1_280' title='bbox 926 2883 973 2936; x_wconf 91' lang='lat'>10.</span> 
     </span>
     <span class='ocr_line' id='line_1_36' title="bbox 131 2953 976 3030; baseline 0.007 -21"><span class='ocrx_word' id='word_1_281' title='bbox 131 2953 235 3010; x_wconf 88' lang='lat' dir='ltr'>Patere</span> <span class='ocrx_word' id='word_1_282' title='bbox 251 2954 340 3030; x_wconf 85' lang='lat' dir='ltr'>igitur</span> <span class='ocrx_word' id='word_1_283' title='bbox 360 2957 500 3014; x_wconf 86' lang='lat' dir='ltr'>rationem</span> <span class='ocrx_word' id='word_1_284' title='bbox 516 2975 610 3014; x_wconf 91' lang='lat' dir='ltr'>meam</span> <span class='ocrx_word' id='word_1_285' title='bbox 631 2977 697 3014; x_wconf 85' lang='lat' dir='ltr'>curn</span> <span class='ocrx_word' id='word_1_286' title='bbox 714 2965 764 3015; x_wconf 87' lang='lat' dir='ltr'>tua</span> <span class='ocrx_word' id='word_1_287' title='bbox 779 2959 891 3016; x_wconf 88' lang='lat' dir='ltr'>ratione</span> <span class='ocrx_word' id='word_1_288' title='bbox 908 2977 976 3015; x_wconf 89' lang='lat' dir='ltr'>con-</span> 
     </span>
     <span class='ocr_line' id='line_1_37' title="bbox 131 3032 973 3114; baseline 0.006 -25"><span class='ocrx_word' id='word_1_289' title='bbox 131 3032 256 3090; x_wconf 87' lang='lat' dir='ltr'>tendere.</span> <span class='ocrx_word' id='word_1_290' title='bbox 299 3034 405 3092; x_wconf 84' lang='lat' dir='ltr'>Adfers</span> <span class='ocrx_word' id='word_1_291' title='bbox 418 3036 488 3094; x_wconf 89' lang='lat' dir='ltr'>haee</span> <span class='ocrx_word' id='word_1_292' title='bbox 502 3037 600 3093; x_wconf 89' lang='lat' dir='ltr'>omnia</span> <span class='ocrx_word' id='word_1_293' title='bbox 614 3044 782 3114; x_wconf 84' lang='lat' dir='ltr'>argumenta</span> <span class='ocrx_word' id='word_1_294' title='bbox 795 3056 846 3095; x_wconf 91' lang='lat' dir='ltr'>cur</span> <span class='ocrx_word' id='word_1_295' title='bbox 860 3038 890 3094; x_wconf 93' lang='lat' dir='ltr'>di</span> <span class='ocrx_word' id='word_1_296' title='bbox 905 3037 973 3109; x_wconf 87' lang='lat' dir='ltr'>sint,</span> 
     </span>
     <span class='ocr_line' id='line_1_38' title="bbox 132 3115 975 3194; baseline 0.008 -28"><span class='ocrx_word' id='word_1_297' title='bbox 132 3129 248 3188; x_wconf 57' lang='lat' dir='ltr'>“amque</span> <span class='ocrx_word' id='word_1_298' title='bbox 264 3132 328 3170; x_wconf 84' lang='lat' dir='ltr'>mea</span> <span class='ocrx_word' id='word_1_299' title='bbox 347 3117 488 3174; x_wconf 89' lang='lat' dir='ltr'>sententia</span> <span class='ocrx_word' id='word_1_300' title='bbox 503 3117 622 3173; x_wconf 91' lang='lat' dir='ltr'>minime</span> <span class='ocrx_word' id='word_1_301' title='bbox 639 3115 758 3173; x_wconf 88' lang='lat' dir='ltr'>dubiam</span> <span class='ocrx_word' id='word_1_302' title='bbox 774 3124 975 3194; x_wconf 86' lang='lat' dir='ltr'>argumentan-</span> 
     </span>
    </p>

    <p class='ocr_par' dir='ltr' id='par_1_3' title="bbox 190 3190 975 3254">
     <span class='ocr_line' id='line_1_39' title="bbox 190 3190 975 3254; baseline 0.01 -8"><span class='ocrx_word' id='word_1_303' title='bbox 190 3190 305 3249; x_wconf 79' lang='lat' dir='ltr'>lubiam</span> <span class='ocrx_word' id='word_1_304' title='bbox 319 3193 398 3253; x_wconf 79' lang='lat' dir='ltr'>facis</span> <span class='ocrx_word' id='word_1_305' title='bbox 440 3195 575 3252; x_wconf 75' lang='lat' dir='ltr'>Mandaei</span> <span class='ocrx_word' id='word_1_306' title='bbox 589 3195 666 3252; x_wconf 88' lang='lat' dir='ltr'>enim</span> <span class='ocrx_word' id='word_1_307' title='bbox 680 3197 835 3254; x_wconf 90' lang='lat' dir='ltr'>memoriae</span> <span class='ocrx_word' id='word_1_308' title='bbox 849 3215 906 3253; x_wconf 91' lang='lat' dir='ltr'>uon</span> <span class='ocrx_word' id='word_1_309' title='bbox 922 3215 975 3254; x_wconf 90' lang='lat' dir='ltr'>nu·</span> 
     </span>
    </p>
   </div>
   <div class='ocr_carea' id='block_1_3' title="bbox 0 0 1126 3436">
    <p class='ocr_par' dir='ltr' id='par_1_4' title="bbox 0 0 1126 3436">
     <span class='ocr_line' id='line_1_40' title="bbox 0 0 1126 3436; baseline 0 0"><span class='ocrx_word' id='word_1_310' title='bbox 0 0 1126 3436; x_wconf 95' lang='lat' dir='ltr'> </span> 
     </span>
    </p>
   </div>
  </div>
 </body>
</html>
