2242 3436
261 121 330 170 nm.
345 120 707 186 1.,0AP.xxlv.‚xxv.,
722 121 736 182 a
751 125 841 174 49-54.
927 127 974 175 165

132 222 262 280 custodia
284 223 407 300 publica,
425 223 522 281 dicens
547 224 659 282 Critoni
683 245 735 282 suo
759 226 895 284 familiari
919 228 974 285 sibi

131 311 198 380 post
220 304 337 360 tertium
362 304 439 360 diem
462 324 522 362 esse
545 305 742 361 moriendum:
764 303 869 363 vidisse
892 326 921 363 se
943 308 973 364 in

131 384 240 440 somnis
256 382 469 460 pulchritudine
490 385 595 440 eximia
614 385 761 456 feminam,
781 405 853 462 quae
874 404 903 442 se
924 406 974 442 no-

130 463 208 520 mine
229 463 376 540 appellans
396 465 503 521 diceret
524 464 712 521 Homericum
742 466 884 544 quendam
915 467 976 524 eius

130 543 211 600 modi
226 561 355 600 versum:

261 663 347 712 Tertia
360 671 385 712 te
397 662 505 712 Phthiae
518 671 650 726 tempestas
664 664 729 712 laeta
742 664 841 714 locabit.

130 779 225 851 Quod,
238 787 270 838 ut
285 786 328 838 est
342 780 460 852 dictum,
474 782 513 838 sic
528 780 660 838 scribitur
676 781 838 858 contigisse,
877 781 973 839 Xeno-

129 860 210 938 phon
225 859 478 937 Socraticus—qui
492 861 535 916 vir
549 867 577 917 et
589 871 712 937 quantus
724 863 802 918 l-in
817 880 849 918 ea
860 862 970 932 militia,

131 961 188 1018 qua
202 960 267 998 curn
279 940 355 1018 Cyro
367 941 477 998 minore
489 941 656 1017 perfunctus
667 949 718 1012 est,
729 961 780 998 sua
790 941 888 999 scribit
900 961 973 998 som-

130 1021 186 1089 nia,
200 1040 321 1097 quorum
334 1027 451 1078 eventus
463 1019 606 1077 mirabiles
617 1021 794 1078 exstiterunt.
834 1028 880 1079 53.
896 1021 973 1079 Men-

130 1101 179 1157 tiri
189 1100 415 1177 Xenophontem
427 1119 462 1156 an
473 1100 591 1158 delirare
603 1099 745 1157 dicemusl
770 1101 864 1169 Quidl
878 1102 973 1178 singu-

130 1180 183 1237 lari
196 1181 241 1237 vir
254 1180 370 1256 ingenio
381 1180 552 1238 Aristoteles
566 1187 596 1237 et
606 1180 805 1255 paenedivino
820 1181 918 1257 ipsene
933 1201 973 1238 er-

130 1268 175 1318 rat
188 1280 225 1316 an
239 1260 310 1316 alios
324 1258 385 1317 vult
399 1279 498 1330 errare,
509 1279 574 1316 cum
589 1259 687 1316 scribit
697 1259 860 1316 Eudemum
872 1259 973 1337 Cypri-

130 1361 180 1397 um
197 1340 368 1397 familiarem
386 1359 469 1397 suum
484 1341 539 1396 iter
555 1341 585 1397 in
603 1339 801 1396 Macedoniam
818 1339 971 1397 facientem

129 1420 239 1477 Pheras
256 1421 374 1490 venisse,
388 1439 460 1496 quac
477 1427 537 1476 erat
554 1418 621 1475 urbs
637 1419 668 1475 in
682 1418 828 1476 Thessalia
844 1425 907 1476 tum
925 1419 973 1476 ad—

129 1498 377 1568 modum-nobilis,
390 1498 425 1555 ab
437 1498 601 1556 Alexandro
616 1505 712 1556 autem
726 1506 849 1574 tyranno
865 1499 972 1556 crudeli

130 1579 280 1636 dominatu
297 1579 463 1636 tenebatur:
486 1580 515 1635 in
535 1599 572 1635 eo
588 1579 677 1655 igitur
698 1578 806 1655 oppido
826 1581 866 1635 ita
881 1579 973 1654 gravi-
1007 1642 1009 1645 ¹

128 1667 174 1717 ter
190 1678 306 1735 aegrum
324 1658 487 1716 Eudemum
504 1659 600 1729 fuisse,
617 1665 650 1715 nt
666 1677 766 1715 omnes
782 1658 887 1716 medici
901 1658 972 1736 diffi-

129 1739 246 1796 derent:
269 1739 295 1795 ei
310 1739 401 1796 visum
416 1739 447 1794 in
462 1739 557 1815 quiete
572 1739 686 1816 egregia
700 1737 774 1795 facie
788 1739 920 1796 iuvenem
932 1739 972 1796 di-

129 1839 192 1876 cere
211 1819 274 1884 fore
291 1826 323 1875 ut
337 1817 467 1894 perbrevi
482 1818 689 1876 convalesceret
703 1819 857 1895 paucisque
871 1818 972 1876 diebus

128 1899 312 1956 interiturum
343 1897 540 1956 Alexandrum
565 1905 728 1974 tyrannum,
753 1899 847 1974 ipsum
875 1906 971 1956 autem

128 1978 292 2035 Eudemum
308 1978 503 2054 quinquennio
518 1985 585 2055 post
599 1978 718 2036 domum
733 1997 793 2036 esse
804 1979 970 2037 rediturum.

128 2058 228 2134 Atque
249 2058 290 2114 ita
311 2057 428 2134 quidem
449 2058 543 2134 prima
563 2058 661 2114 statim
682 2058 781 2116 scribit
801 2058 972 2116 Aristoteles

128 2144 289 2207 consecuta,
302 2148 331 2195 et
345 2137 520 2194 convaluisse
534 2138 697 2195 Eudemum
712 2146 741 2196 et
754 2138 790 2195 ab
804 2139 901 2196 uxoris
917 2139 972 2196 fra-

127 2218 221 2275 tribus
245 2218 430 2274 interfectum
454 2225 625 2294 tyrannum:
649 2219 751 2294 quinto
775 2225 871 2276 eutem
896 2239 971 2275 anno

128 2304 259 2367 exeunte,
277 2316 343 2354 oum
365 2304 438 2354 esset
459 2316 523 2374 spes
543 2317 576 2354 ex
593 2297 643 2354 illo
661 2298 773 2354 somnio
791 2297 821 2353 in
843 2297 971 2373 Cyprum

128 2377 210 2434 illum
228 2396 262 2433 ex
279 2375 377 2434 Sicilia
393 2395 453 2434 esse
470 2377 637 2446 rediturum,
650 2377 837 2452 proeliantem
855 2395 921 2433 eum
936 2378 973 2433 ad

128 2456 283 2534 Syracusas
300 2456 454 2513 occidisse:
477 2476 511 2513 ex
529 2475 585 2534 quo
603 2457 644 2512 ita
660 2455 731 2512 illud
749 2455 893 2513 somnium
912 2475 972 2513 esse

127 2537 356 2611 interpretatum,
370 2543 410 2606 ut,
423 2555 488 2592 cunr
504 2537 616 2593 animus
627 2535 750 2592 Eudemi
764 2554 780 2592 e
794 2554 912 2610 corpore
928 2555 973 2592 ex-

127 2616 251 2685 cesserit,
268 2622 331 2672 turn
353 2615 472 2672 domum
493 2615 640 2672 revertisse
662 2615 797 2672 videatur.
842 2619 887 2671 54.
913 2614 973 2672 Ad-

126 2696 280 2770 iungamus
291 2694 471 2772 philosophis
483 2695 681 2752 doctissimum
689 2695 845 2764 hominem,
854 2700 971 2771 poetam

127 2774 245 2851 quidem
263 2774 401 2845 divinum,
414 2774 596 2851 Sophoclem,
610 2775 669 2850 qui,
682 2793 748 2832 cum
765 2793 800 2830 ex
816 2773 886 2831 aede
900 2773 973 2830 Her-

126 2854 199 2911 culis
224 2861 322 2930 patera
342 2873 426 2911 aurea
446 2855 540 2930 gravis
562 2861 692 2930 surrepta
711 2860 793 2923 esset,
812 2854 841 2909 in
864 2853 972 2910 somnis

127 2934 201 2991 vidit
217 2935 311 3010 ipsum
334 2935 421 2991 deum
442 2933 586 2992 dicentem
608 2934 658 3010 qui
674 2934 705 2990 id
721 2933 844 2990 fecisset.
887 2932 972 3006 Quod

126 3012 214 3070 semel
239 3013 286 3071 ille
310 3015 471 3090 iterumque
495 3013 629 3090 neglexit.
672 3011 733 3070 Ubi
750 3012 827 3069 idem
849 3013 969 3086 saepius,

125 3093 256 3151 ascendit
270 3094 299 3150 in
315 3095 422 3150 Areum
438 3111 562 3176 pagum:
584 3091 688 3149 detulit
704 3111 773 3148 rem.
815 3091 971 3166 Areopagi·

125 3179 173 3230 tae
187 3172 392 3298 cqprpreheudi
404 3172 504 3229 iubent
515 3191 589 3242 eum,
601 3171 650 3247 qui
664 3191 681 3228 a
694 3169 837 3248 Sophocle
851 3176 912 3227 erat
923 3187 971 3225 no·
