2242 3436
332 112 401 160 ran.
416 113 449 173 1,
464 113 541 161 car.
558 113 669 174 v.-1x.‚
683 113 696 172 5
709 117 781 163 9-15.
931 119 976 164 151

135 220 254 270 eventus
278 213 475 273 animadversa
499 220 528 271 et
551 222 657 272 notata.
709 215 789 271 Nihil
813 223 856 272 est
881 223 977 273 autem

135 292 215 370 quod
231 312 289 349 non
304 293 500 370 longinquitas
516 301 679 370 temporum
697 295 857 371 excipiente
871 315 978 352 memo-

135 374 178 430 ria
193 373 406 450 prodendisque
420 374 616 431 monumentis
631 373 739 431 efficere
756 383 842 451 atque
859 375 977 451 adsequi

135 453 234 530 possit.
271 458 317 510 13.
336 453 434 510 Mirari
445 453 512 510 licet
523 473 595 530 quae
610 454 667 510 sint
681 455 877 512 animadversa
890 474 907 511 a
920 475 979 513 me-

135 532 207 589 dicis
222 532 373 590 herbarum
391 553 503 609 genera,
515 553 587 610 qnae
604 534 732 591 radicum
749 534 786 591 ad
803 554 914 592 morsus
931 535 979 592 be-

136 613 263 682 stiarum,
282 612 320 670 ad
341 613 489 670 oculorum
513 613 638 684 morbos,
654 614 692 671 ad
713 613 838 685 vulnera,
855 634 977 692 quorum

135 693 194 749 vim
212 699 298 769 atque
312 703 443 750 naturam
461 693 534 751 ratio
551 713 709 770 numquam
726 695 887 770 explicavit,
902 695 979 752 utili-

135 779 195 829 tate
213 780 242 830 ct
258 792 303 829 ars
320 780 409 830 estet
426 772 559 830 inventor
579 773 723 850 probatus
766 774 831 851 Age
852 795 893 846 ea,
906 795 979 852 quae

135 871 310 929 quamquam
333 872 367 910 ex
390 853 446 910 alio
469 872 572 929 genere
594 860 670 925 sunt,
685 862 781 912 tamen
806 855 979 912 divinationi

135 939 203 990 sunt
217 933 362 1004 similiora,
375 933 530 990 videamus.

233 1056 319 1118 Atque
330 1057 406 1104 etiam
417 1065 503 1104 remos
514 1063 696 1118 praemonstrat
708 1072 780 1120 saepe
791 1059 886 1106 futuros

234 1121 352 1170 Inflatum
365 1137 440 1183 mare,
451 1137 507 1168 cum
519 1122 601 1169 subito
613 1123 760 1184 penitusque
772 1125 895 1182 tumescit,

235 1187 350 1248 Saxaque
362 1203 424 1235 cana
436 1187 494 1235 salis
503 1187 574 1234 niveo
586 1196 702 1250 spumata
712 1189 808 1250 liquore

234 1252 370 1300 Tristificas
382 1261 477 1301 certant
488 1253 513 1300 N
515 1263 605 1314 eptuno
618 1254 720 1302 reddere
733 1269 813 1314 voces,

235 1319 287 1365 Aut
299 1317 388 1365 densus
401 1318 492 1365 stridor
503 1332 559 1366 cum
572 1318 637 1366 celso
649 1332 663 1365 e
674 1319 765 1366 vertice
776 1320 867 1368 montis

235 1383 310 1431 Ortus
322 1383 464 1443 adaugescit
476 1383 632 1445 scopulorum
644 1399 716 1446 saepe
728 1385 845 1446 repulsus.

138 1493 221 1554 VIII.
240 1494 337 1571 Atque
354 1495 400 1551 his
416 1514 510 1551 rerum
527 1494 776 1571 praesensionibus
795 1495 979 1571 prognostica

136 1583 188 1632 tua
201 1575 307 1632 referta
320 1582 395 1632 sunt.
434 1573 505 1642 Quis
519 1575 609 1650 igitur
623 1574 722 1632 elicere
736 1594 834 1632 causas
848 1593 979 1651 praesen·

136 1656 252 1713 sionum
268 1656 383 1732 potestl
424 1655 488 1711 Etsi
502 1655 586 1711 video
603 1654 751 1712 Boetlrum
770 1654 900 1712 Stoicum
918 1674 978 1712 esse

136 1741 282 1806 conatum,
296 1735 345 1812 qui
362 1735 502 1791 hactenus
523 1734 631 1811 aliquid
652 1735 720 1812 egit,
730 1743 763 1792 ut
780 1755 876 1792 carum
893 1735 979 1792 ratio·

136 1834 204 1873 nem
218 1834 313 1872 rerum
334 1814 496 1891 explicaret,
509 1834 580 1891 quae
597 1814 627 1870 in
644 1815 716 1872 mari
738 1815 850 1873 caelove
867 1815 976 1872 fierent.

138 1901 185 1954 14,
207 1895 260 1953 Illa
274 1914 340 1952 vero
355 1913 406 1952 cur
419 1895 552 1951 eveniant
566 1895 630 1972 quis
644 1894 830 1970 probabiliter
843 1896 966 1953 dixeriti

235 2018 306 2066 Rava
316 2015 380 2064 fulix
391 2015 478 2062 itidem
489 2014 586 2076 fugiens
598 2031 612 2064 e
622 2017 719 2076 gurgite
731 2017 800 2079 ponti

235 2083 341 2131 Nuntiat
353 2081 480 2129 horribiles
491 2081 601 2129 clamans
612 2081 705 2130 instare
716 2083 844 2144 procellas,

236 2149 312 2196 Hand
324 2147 433 2196 modicos
446 2146 550 2194 tremulo
562 2146 669 2194 fundens
680 2161 694 2195 e
705 2157 805 2207 gutture
816 2156 911 2198 cantus

236 2215 314 2276 Saepe
325 2214 400 2262 etiam
412 2213 525 2274 pertriste
537 2213 605 2260 canit
617 2212 647 2260 de
658 2223 758 2274 pectore
769 2229 868 2262 carmen

235 2279 269 2327 Et
281 2279 408 2326 matutinis
420 2277 536 2325 acredula
548 2277 647 2325 vocibus
660 2278 743 2338 instat,

236 2345 347 2393 Vocibus
359 2344 435 2391 instat
447 2353 472 2391 et
483 2342 599 2390 adsiduas
610 2343 668 2391 iacit
679 2357 722 2390 ore
735 2343 854 2404 querelas,

236 2410 301 2457 Cum
312 2411 418 2472 primam
430 2408 525 2468 gelidos
538 2423 604 2456 rores
615 2423 705 2456 aurora
717 2409 829 2458 remittit.

235 2475 364 2538 Fuscaque
375 2489 426 2522 non
437 2489 574 2536 numquam
587 2488 690 2521 cursans
701 2487 744 2535 pcr
754 2472 838 2520 littora
849 2473 936 2522 cornix

236 2540 362 2588 Demersit
373 2548 447 2602 caput
458 2549 483 2587 ct
494 2540 598 2587 fluctum
610 2539 704 2587 cervice
716 2539 814 2601 recepit.

137 2651 191 2708 IX.
236 2655 282 2708 15.
294 2650 436 2709 Videmus
450 2649 521 2706 haec
536 2650 618 2726 signa
632 2669 790 2727 numquam
804 2650 864 2708 fere
878 2651 980 2708 menti-

138 2730 217 2788 entia
229 2749 282 2788 nec
296 2736 393 2787 tamen
408 2750 459 2787 cnr
472 2731 513 2786 ita
527 2729 577 2787 fiat
591 2730 729 2788 videmus.

236 2843 291 2890 Vos
304 2856 402 2905 quoque
414 2841 485 2902 signa
497 2841 593 2902 ridetis,
605 2841 682 2904 aquai
693 2841 771 2890 dulcis
783 2841 905 2902 alumnae,

237 2908 301 2957 Cum
314 2908 421 2956 clamore
432 2906 523 2970 paratis
535 2908 620 2955 inanes
631 2907 734 2955 fundere
746 2922 818 2956 voees

238 2973 406 3036 Absurdoque
417 2987 478 3020 sono
489 2971 568 3020 fontes
580 2981 604 3020 et
616 2981 704 3032 stagna
716 2973 791 3020 cieris.

140 3085 212 3154 Quis
226 3091 269 3142 est
284 3085 333 3162 qui
347 3082 519 3142 ranunculos
533 3083 588 3139 hoc
603 3081 699 3139 videre
715 3084 852 3160 suspicari
869 3085 981 3161 possiti

140 3166 199 3224 Sed
221 3165 295 3223 inest
315 3165 345 3222 in
365 3164 466 3221 bestiis
487 3170 516 3220 ct
536 3162 699 3219 ranunculis
720 3172 821 3220 natura
842 3166 980 3238 quaedam
