2220 3432
234 111 304 160 LIB.
320 111 364 172 11,
378 107 457 161 cAP.
474 110 804 173 xxxv11.-xxxlx,§
822 114 911 163 93-98.
973 116 1004 164 81

160 232 193 270 ra
206 212 324 269 deorum
340 231 401 270 esse
415 211 646 270 arbitrarentur.'’
684 212 860 271 XXXVIII.
894 219 940 272 96.
953 215 1006 272 At

161 312 218 370 que
234 292 304 350 haec
325 292 443 370 quidem
459 292 515 350 ille.
558 292 620 349 Nos
636 299 732 349 autem
750 291 882 350 tenebras
899 295 1005 371 cogite-

160 392 226 430 mus
236 379 339 443 tantas,
350 380 472 449 quantae
487 373 632 449 quondam
648 372 798 449 eruptione
809 373 1003 432 Aetnaeorum

160 453 273 530 ignium
289 451 427 510 finitimas
447 453 578 528 regiones
600 451 793 510 obscuravisse
814 453 957 526 dicuntur,
972 462 1005 512 ut

160 552 212 610 per
228 532 348 590 biduum
370 533 457 590 nemo
472 532 620 589 hominem
638 532 727 590 homo
748 541 923 609 agnosceret,
938 554 1004 592 cum

160 619 258 670 autem
275 613 361 670 tertio
378 612 425 670 die
446 612 488 670 sol
505 612 653 684 illuxisset,
668 620 731 670 tum
745 623 779 670 ut
794 613 928 671 revixisse
950 615 1004 671 sibi

160 693 331 750 viderentur.
375 691 462 760 Quod
478 693 502 749 si
518 692 574 750 hoe
590 691 668 750 ideni
686 712 720 750 ex
742 693 863 751 aeternis
880 694 1004 751 tenebris

160 773 348 850 contingeret,
365 781 398 830 ut
418 773 514 830 subito
536 772 628 830 lucem
650 774 848 851 aspiceremus,
865 793 1002 850 quaenam

160 853 269 930 speeies
283 852 354 910 caeli
364 853 526 910 videretur?
560 853 618 910 Sed
628 853 802 911 adsiduitate
817 854 962 911 cotidiana
976 862 1004 911 ct
1092 855 1096 868 '

160 933 367 990 consuetudine
387 932 535 990 ooulomm
554 933 726 991 adsuescunt
742 934 831 991 animi
848 953 940 1011 neque
957 934 1005 991 ad-

159 1013 301 1070 mirantur
314 1031 406 1090 neque
420 1014 570 1090 requirunt
580 1014 704 1071 rationes
715 1033 811 1072 earum
823 1033 926 1086 rerum,
934 1034 1004 1092 quas

160 1111 272 1170 semper
282 1093 388 1164 vident,
397 1094 519 1170 proinde
531 1094 611 1171 quasi
621 1095 734 1151 novitas
748 1113 801 1151 nos
814 1094 906 1171 magis
918 1114 1003 1172 quam

159 1173 331 1250 magnitudo
345 1192 439 1230 rerum
455 1173 558 1230 debeat
568 1173 605 1230 ad
619 1174 806 1251 exquirendas
820 1194 917 1232 causas
932 1175 1004 1232 exei-

159 1260 229 1310 tare.
264 1254 310 1311 97.
327 1251 398 1322 Quis
413 1254 489 1310 euim
504 1253 581 1311 hunc
591 1253 739 1311 hominem
754 1254 866 1326 dixerit,
877 1255 926 1331 qui
937 1274 1002 1312 cum

159 1341 220 1391 tam
238 1340 331 1390 certos
351 1333 423 1391 caeli
439 1341 545 1405 motus,
559 1341 620 1391 tam
637 1341 714 1391 ratos
731 1342 870 1391 astrorum
889 1335 1003 1391 ordines

159 1421 277 1490 tamque
292 1413 368 1470 inter
384 1433 414 1470 se
431 1415 529 1471 omnia
545 1433 654 1471 conexa
670 1420 699 1470 et
713 1421 781 1490 apta
794 1414 904 1483 viderit,
917 1421 1003 1490 neget

160 1493 191 1550 in
209 1492 253 1550 his
275 1493 362 1550 ullam
379 1494 471 1552 inesse
488 1495 628 1551 rationem
649 1513 739 1570 eaque
756 1512 821 1550 casu
838 1493 899 1550 ficri
916 1495 1000 1565 dicat,

161 1592 233 1650 quae
249 1581 357 1650 quanto
372 1573 492 1631 consilio
506 1581 642 1650 gerantur
655 1573 734 1631 nullo
751 1573 870 1630 consilio
885 1573 1003 1650 adsequi

160 1655 332 1730 possumus?
372 1655 504 1712 Ancum
525 1653 737 1711 machinatione
755 1653 876 1731 quadam
894 1655 1002 1711 moveri

160 1733 271 1810 aliquid
287 1733 426 1806 videmus,
441 1741 474 1792 ut
496 1733 653 1810 sphaeram,
668 1742 702 1793 ut
717 1734 810 1806 horas,
823 1741 855 1791 ut
871 1733 926 1791 alia
942 1753 1003 1811 per·

160 1814 261 1885 multa,
276 1833 335 1870 uon
352 1814 518 1872 dubitamus
535 1815 604 1891 quin
622 1814 671 1871 illa
687 1833 774 1892 opera
790 1815 848 1872 sint
864 1815 1001 1872 rationis:

160 1913 225 1951 cum
244 1900 339 1951 autem
357 1895 501 1972 impeturn
517 1894 587 1952 caeli
601 1893 762 1952 admirabili
777 1914 842 1952 cum
859 1894 1003 1952 celeritate

160 1974 269 2031 moveri
276 1975 404 2052 vertique
411 1975 558 2032 videamus
567 1974 796 2032 constantissime
805 1974 1003 2032 conficientem

160 2053 372 2112 vicissitudines
383 2055 586 2112 anniversarias
598 2073 663 2111 cum
675 2073 787 2112 summa
797 2055 887 2112 salute
898 2062 927 2112 et
938 2074 1003 2112 con-

161 2135 320 2192 servatione
331 2154 425 2192 rerum
440 2135 579 2205 omnium,
589 2134 754 2192 dubit-amus
765 2135 833 2212 quin
845 2154 878 2192 ea
888 2154 946 2192 non
961 2154 1004 2191 so·

160 2214 221 2272 lum
239 2215 349 2272 ratione
365 2214 444 2287 liant,
456 2215 506 2272 sed
523 2215 610 2272 etiam
628 2214 777 2272 excellenti
793 2215 945 2293 divinaque
962 2233 1004 2271 ra-

160 2295 260 2352 tionel
294 2300 340 2352 98.
356 2294 437 2352 Licet
451 2294 528 2352 enim
539 2295 595 2351 iam
611 2301 722 2352 remota
736 2294 894 2352 subtilitate
908 2295 1004 2371 dispu-

159 2374 243 2432 tandi
257 2375 347 2432 oculis
364 2375 488 2453 quodam
507 2375 595 2432 modo
613 2374 800 2452 contemplari
817 2375 1004 2452 pulchritudi-

160 2473 229 2512 nem
245 2474 339 2512 rerum
360 2475 467 2527 earum,
484 2475 554 2532 quas
571 2455 668 2512 diviua
684 2454 865 2533 providentia
880 2453 1003 2519 dicimus

161 2535 340 2593 constitutae.

153 2613 156 2626 '
202 2614 347 2672 XXXIX.
364 2613 408 2672 Ac
422 2614 564 2692 principio
579 2621 655 2672 terra
668 2614 799 2672 universa
813 2621 951 2684 cernatur,
964 2613 1003 2670 lo-

160 2701 225 2752 cata
241 2695 271 2751 in
286 2693 382 2752 media
395 2695 461 2756 sede
476 2695 585 2765 mundi,
599 2695 691 2752 solida
704 2701 733 2752 et
746 2693 866 2770 globosa
879 2701 908 2752 et
922 2694 1004 2751 undi-

160 2794 217 2852 que
232 2775 293 2851 ipsa
304 2775 334 2831 in
349 2793 409 2834 sese
423 2775 541 2832 nutibus
555 2775 613 2832 suis
628 2774 807 2851 conglobata,
815 2774 918 2831 vestita
928 2773 1003 2831 fiori-

159 2854 223 2925 bus,
235 2853 338 2925 herbis,
351 2854 508 2926 arboribus,
520 2853 660 2930 fmgibus,
677 2873 798 2931 quorum
814 2853 945 2911 omnium
962 2854 1004 2909 in-

159 2932 305 2992 credibilis
319 2934 476 2992 multitudo
491 2933 644 2992 insatiabili
656 2935 792 2992 varietate
806 2933 1000 3010 distinguitur.

159 3013 248 3072 Adde
261 3013 317 3072 huc
329 3014 456 3072 fontium
470 3013 579 3090 gelidas
592 3015 794 3091 perennitates,
804 3013 928 3090 liquores
942 3031 1004 3088 per-

159 3094 272 3154 lucidos
294 3095 432 3166 amnium,
447 3095 573 3173 riparum
594 3095 715 3152 vestitus
731 3094 926 3163 viridissimos,
943 3111 1004 3168 spe-

160 3174 307 3234 luncarum
325 3195 463 3234 concavas
484 3176 657 3245 altitudines,
674 3195 805 3233 saxorum
827 3173 1001 3252 asperitates,
