2224 3446
438 102 517 152 CAP.
529 102 647 164 1.,11.,§
660 106 715 153 1-4.
949 109 998 155 253

157 207 257 276 010110,
279 224 335 280 quo
357 205 470 260 facilius
494 204 525 260 id
549 224 566 260 a
590 224 704 282 quoque
726 206 901 282 probaretur,
921 209 998 283 quod

156 287 259 363 cuique
276 283 400 340 maxime
414 283 561 360 probabile
578 285 729 356 videretur,
745 285 774 342 id
789 286 818 342 in
833 286 886 343 hac
904 287 999 363 dispu-

156 366 266 423 tatione
282 364 298 391 “
308 364 344 421 de
358 363 445 421 fato”
460 383 541 421 casus
556 364 671 441 quidem
689 385 725 422 ne
739 365 861 422 facerem
878 367 999 443 impedi-

157 447 205 503 vit.
249 451 275 502 2.
298 443 374 501 Nam
397 463 463 501 cnm
484 463 574 500 essem
594 444 624 500 in
647 444 807 503 Puteolano
828 446 998 524 Hirtiusque

155 531 253 582 noster
274 524 373 581 consul
396 524 561 600 designatus
582 525 684 582 iisdem
706 525 736 582 in
758 525 836 596 locis,
851 527 895 582 vir
915 527 999 584 nobis

156 604 345 662 amicissimus
367 610 397 660 et
413 605 448 660 iis
470 604 579 676 studiis,
598 605 749 682 inquibus
770 624 823 662 nos
844 625 861 662 0
877 608 999 682 pueritia

156 685 288 755 viximus,
306 683 429 753 deditus,
444 683 568 740 multum
591 703 649 742 una
668 705 787 756 eramus,
803 686 927 744 maxime
945 707 999 744 nos

157 765 274 842 quidem
289 764 469 840 exquirentes
483 783 516 820 ea
530 764 656 836 consilia,
669 785 740 843 qnae
755 766 791 824 ad
806 785 905 842 pacem
920 774 948 823 ct
963 767 999 824 ad

157 844 339 902 concordiam
362 844 468 900 civium
484 844 666 920 pertinerent.
709 845 784 902 Cum
802 848 878 903 enim
900 866 1000 904 omnes

156 931 223 1002 post
250 925 279 981 in
282 924 399 981 teritum
419 923 555 980 Caesaris
585 943 722 980 novarum
751 934 815 1002 pert
803 927 906 984 tt'urba
887 934 999 985 tronum

157 1023 256 1062 causac
272 1023 368 1081 quaeri
360 1003 543 1060 viderentur
554 1003 644 1094 iisque
658 1023 719 1060 esse
734 1008 938 1064 occurrendum
949 1027 1000 1084 pu·

157 1092 289 1154 taremus,
313 1084 406 1140 omnis
430 1090 496 1140 nost
498 1103 527 1140 ra
484 1083 642 1140 11010
635 1103 665 1140 10
689 1085 724 1140 iis
747 1085 1000 1145 deliberationibus

157 1163 378 1220 consumebatur
393 1171 454 1220 orat
455 1163 492 1233 io,
505 1163 591 1240 idque
606 1170 635 1220 et
649 1183 732 1240 saepe
747 1165 858 1223 aliast
830 1174 858 1223 et
874 1167 998 1243 quodam

157 1244 288 1301 liberiore
310 1263 396 1320 quam
417 1243 527 1300 solebat
543 1250 572 1300 et
587 1244 680 1320 magis
697 1263 786 1302 vacuo
808 1245 843 1302 ab
860 1246 1000 1303 interven-

157 1323 268 1381 toribus
284 1324 340 1393 die,
352 1343 418 1380 cum
432 1323 479 1379 ille
496 1324 533 1381 ad
546 1343 593 1380 me
607 1324 738 1393 venisset,
750 1325 844 1400 primo
858 1324 914 1397 illa,
928 1345 1000 1402 quae

158 1411 238 1461 erant
252 1405 397 1463 cotidiana
411 1411 439 1460 et
451 1404 531 1480 qnasi
543 1404 672 1480 legitima
685 1403 777 1474 nobis,
789 1405 825 1462 dc
839 1423 909 1481 pace
923 1407 999 1464 etde

158 1485 226 1541 otio,

198 1563 235 1621 Π.
272 1570 298 1621 3.
317 1562 428 1632 Quibus
444 1563 530 1621 actis:
549 1563 625 1632 Quid
637 1565 723 1640 ergol
740 1563 834 1641 inquit
845 1563 900 1636 ille,
912 1585 1000 1641 qnon-

157 1645 215 1701 iam
233 1644 370 1701 oratorias
387 1644 603 1702 exercitationes
624 1664 683 1701 non
700 1651 732 1701 10
750 1645 874 1721 quidem,
886 1653 919 1702 01
940 1665 1000 1721 spe-

158 1744 198 1790 10,
220 1725 368 1801 reliquisti,
393 1725 444 1782 sed
466 1731 540 1782 certe
566 1724 779 1802 philosophiam
804 1725 860 1782 illis
884 1732 1000 1801 antepo-

125 1831 129 1840 ·
158 1805 248 1876 suisti,
265 1823 420 1881 possumne
437 1804 546 1881 aliquid
562 1805 679 1862 audires
719 1803 763 1861 Tu
781 1824 856 1876 1010,
872 1805 999 1882 inquam,

158 1885 202 1942 vel
217 1885 314 1942 andire
328 1886 373 1942 vel
387 1885 489 1942 dicere.
525 1884 555 1941 N
556 1903 587 1948 ec
602 1885 751 1942 enim—id
763 1885 841 1962 qnod
854 1891 929 1943 recte
944 1885 1000 1942 011-

159 1965 422 2022 stimas-—oratoria
437 1965 487 2022 illa
503 1965 598 2022 studia
614 1964 733 2036 deserni,
750 1965 854 2042 quibus
870 1965 956 2022 etiam
970 1972 1000 2022 te

158 2044 280 2115 incendi,
297 2065 469 2122 quamquam
484 2044 738 2122 flagrantissimum
760 2065 932 2122 acceperam,
947 2065 1000 2103 nec

158 2144 199 2195 00,
213 2144 284 2202 quae
301 2144 377 2182 nunc
394 2132 494 2197 tracto,
509 2126 652 2195 minuunt,
668 2125 718 2183 sed
735 2132 841 2203 augent
857 2127 954 2203 potius
970 2126 1001 2182 il-

158 2203 214 2261 lam
229 2204 403 2263 facultatem.
440 2204 516 2262 Nam
531 2225 595 2262 curn
611 2205 666 2262 hoc
677 2225 780 2281 genere
791 2204 999 2282 philosophiae,

159 2284 237 2360 quod
257 2304 311 2341 nos
331 2285 485 2362 sequimur,
503 2304 638 2362 magnam
659 2284 747 2342 habet
768 2291 864 2342 orator
885 2286 1001 2342 socicta-

158 2370 225 2421 tem.
268 2363 466 2422 Subtilitatem
483 2365 559 2422 enim
577 2365 613 2421 ab
631 2364 788 2422 Academia
807 2372 956 2422 mutuatur
972 2373 1001 2421 et
1029 2411 1030 2414 ,

158 2444 184 2500 ei
201 2443 325 2502 vicissim
346 2445 441 2502 reddit
458 2445 617 2502 ubertatem
635 2444 773 2501 orationis
789 2450 818 2501 et
835 2451 1002 2502 ornamenta

158 2524 280 2582 dicendi.
323 2523 415 2592 Quam
431 2524 468 2581 ob
482 2543 551 2595 rem,
563 2525 690 2600 inquam,
703 2524 839 2601 qnoniam
853 2525 1001 2602 utriusque

158 2604 245 2660 studii
261 2611 359 2661 nostra
372 2605 513 2682 possessio
531 2611 581 2676 est,
593 2604 681 2661 hodie
698 2611 764 2662 0110
778 2603 836 2661 frui
852 2604 935 2660 malis
953 2623 1000 2680 op-

157 2684 199 2740 tio
221 2684 259 2741 sit
275 2691 332 2742 tua
375 2683 449 2741 Tum
467 2684 597 2742 Hirtius:
623 2683 833 2761 Gratissimum,
851 2684 954 2761 inquit,
973 2693 1001 2740 et

157 2769 273 2838 tuorum
292 2765 419 2820 omnium
436 2765 545 2822 simile:
567 2763 640 2821 nihil
654 2765 731 2822 enim
746 2783 883 2841 nmquam
901 2763 1002 2820 abnuit

157 2861 223 2900 meo
238 2844 333 2900 studio
348 2845 480 2902 voluntas
494 2851 551 2902 tua.
588 2849 614 2901 4.
638 2843 695 2901 Sed
710 2845 845 2921 quoniam
860 2843 924 2901 rhet
912 2843 1001 2901 101100

157 2923 229 2980 mihi
241 2931 334 2981 vestra
348 2931 415 2981 suut
428 2931 480 2981 not
481 2944 498 2981 a
511 2932 596 3001 teque
610 2923 641 2980 in
652 2924 688 2981 iis
702 2934 731 2982 ct
742 2924 903 2982 audirimus
918 2942 1001 2999 saepe

157 3004 398 3061 etaudiemust
369 3012 454 3080 atque
471 3004 544 3060 hanc
560 3003 800 3060 Academicorum
822 3012 890 3061 cont
890 3023 921 3060 ra
937 3022 1001 3078 pro·

157 3083 284 3158 positum
299 3083 397 3159 disput
385 3082 474 3139 tandi
480 3089 598 3140 consuet
586 3082 715 3139 tudinem
729 3083 856 3140 indicant
866 3089 896 3140 te
911 3101 1000 3138 susce·

157 3161 449 3277 pisseQ‘ngsculanae
466 3160 602 3238 disputat'
595 3161 703 3232 iones,’⁷
715 3182 821 3237 ponere
838 3161 947 3238 aliquid
964 3159 999 3216 ad
