2224 3446
237 135 306 184 LlB.
321 135 353 197 1.,
368 133 447 184 CAP.
459 133 700 195 xum-XLIX„
714 132 728 192 ἓ
743 136 865 184 105-111.
928 136 976 183 185

227 235 311 283 Laeva
322 232 414 280 volavit
424 232 491 280 avis:
511 231 585 279 simul
597 246 685 280 aureus
697 232 808 279 exoritur
820 233 864 280 sol.

227 299 326 348 Cedunt
337 299 369 346 de
380 297 449 346 caelo
461 306 499 345 ter
511 306 609 359 quattor
620 311 723 358 corpora
734 306 820 344 sunem

226 364 328 420 Avium,
339 362 494 426 praepetibus
506 377 559 410 sese
571 362 727 424 pulchrisque
739 363 798 409 locis
810 363 877 411 dant.

228 429 357 492 Conspicit
368 429 425 476 inde
436 428 482 475 sibi
494 428 554 475 data
565 427 687 476 Romulus
699 441 751 474 esse
764 427 852 489 priora,

227 495 346 556 Auspicio
358 493 428 555 regni
440 493 549 541 stabilita
560 507 663 541 scamna
675 493 813 555 solumque.

170 629 279 688 XLIX.
305 635 390 694 loe.
409 629 466 686 Sed
488 629 564 686 unde
585 628 642 686 huc
662 627 788 705 digressa
809 637 860 700 est,
877 629 978 687 eodem

129 711 228 770 redeat
249 710 348 767 oratio.
392 708 423 766 Si
444 709 515 765 nihil
537 728 639 785 queam
662 708 808 785 disputare
834 729 919 786 quam
941 710 978 768 ob

130 810 191 849 rem
207 790 333 867 quidque
348 789 398 846 fiat
412 795 442 846 et
456 795 570 846 tantum
585 788 674 845 modo
690 788 750 845 fieri
766 807 806 858 ea,
818 808 889 866 quae
904 809 980 847 com·

130 871 296 941 memoravi,
309 869 437 938 doceam,
451 887 590 945 parumne
606 868 733 945 Epicuro
748 868 923 927 Carneadive
939 889 981 927 re

131 950 309 1027 spondeaml
350 948 446 1017 Quidt
469 948 492 1006 si
507 949 594 1005 otiam
612 949 687 1005 ratio
705 955 798 1006 exstat
812 948 981 1007 artificiosae

131 1029 339 1107 praesensionis
354 1028 456 1099 facilis,
470 1028 584 1085 divinae
601 1035 695 1084 autern
712 1028 798 1104 paulo
816 1028 980 1086 obscuriori

131 1109 211 1179 Quae
237 1109 314 1166 enim
340 1109 421 1178 extis,
442 1127 514 1184 quae
539 1107 712 1184 fulguribus,
734 1127 805 1185 quae
829 1110 979 1185 portentis

132 1208 205 1267 quae
220 1189 301 1245 astris
317 1189 559 1266 praesentiuntur,
573 1187 642 1244 hacc
658 1194 758 1245 notata
773 1197 839 1244 sunt
854 1189 981 1246 observa-

132 1269 212 1327 tione
230 1268 372 1325 diuturua.
417 1267 524 1324 Adfert
543 1275 639 1324 autem
658 1274 783 1324 vetustas
801 1268 934 1326 omnibus
951 1270 980 1324 in
1026 1300 1029 1304 ·

132 1348 216 1406 rebus
227 1346 386 1425 longinqua
398 1347 598 1404 observatione
610 1346 804 1404 incredibilem
819 1348 980 1405 scientiam:

133 1448 205 1506 quae
217 1435 386 1504 potestesse
402 1428 489 1484 etiam
506 1427 566 1484 sine
581 1433 663 1483 motu
678 1433 764 1503 atque
779 1427 904 1503 impulsu
916 1428 981 1485 dco-

132 1527 205 1580 rum,
219 1527 282 1565 oum
303 1507 373 1584 quid
392 1527 426 1564 ex
445 1525 561 1584 quoque
579 1507 691 1563 eveniat
708 1507 822 1583 etquid
840 1525 981 1584 quamque

133 1607 192 1645 rem
208 1586 351 1664 significet
364 1587 461 1644 crebra
477 1587 723 1644 animadversione
734 1594 914 1663 perspectum
929 1595 980 1646 cst.

135 1673 200 1725 110.
213 1667 313 1724 Altera
325 1667 465 1724 divinatio
480 1673 523 1724 est
534 1666 679 1737 naturalia,
690 1672 723 1723 ut
733 1674 799 1724 ante
811 1666 887 1724 dixi:
910 1686 982 1744 quae

133 1747 254 1824 physica
268 1746 437 1823 disputandi
455 1746 614 1804 subtilitate
631 1746 780 1804 referenda
794 1754 837 1804 est
851 1746 887 1804 ad
901 1755 982 1805 natu·

132 1847 193 1884 ram
211 1826 339 1896 deorum,
352 1846 370 1883 a
388 1845 452 1903 qua,
466 1833 498 1884 ut
517 1826 691 1884 doctissimis
709 1827 982 1905 sapientissimisque

132 1907 248 1984 placuit,
262 1907 380 1964 haustos
402 1906 514 1963 animos
534 1913 563 1962 ct
580 1905 684 1963 libatos
700 1905 847 1978 habemus
860 1927 982 1985 cumque

97 2033 104 2044 .
133 1987 231 2044 omnia
245 1986 389 2064 completa
401 1992 430 2044 et
441 1986 546 2043 referta
559 1987 616 2043 sint
627 1994 743 2043 aeterno
755 2006 838 2044 sensu
849 1994 878 2044 ct
886 1995 982 2045 mente

133 2066 238 2136 divina,
250 2085 364 2124 necesse
388 2073 431 2124 est
450 2067 621 2142 cognatione
641 2067 802 2123 divinorum
821 2068 980 2124 animorum

132 2148 244 2204 animos
260 2146 403 2203 humanos
423 2147 606 2204 commoveri.
652 2146 709 2203 Sed
726 2147 878 2223 vigilantes
894 2147 983 2204 animi

132 2227 209 2284 vitae
229 2225 447 2284 necessitatibus
473 2227 598 2283 serviunt
618 2225 843 2304 disiunguntque
860 2247 889 2284 se
907 2247 923 2283 a
940 2246 983 2283 so·

133 2308 236 2364 cietate
251 2307 348 2364 divina
359 2305 459 2363 vinclis
477 2307 605 2383 corporis
617 2306 757 2382 impediti.
797 2312 861 2362 111.
874 2306 982 2362 Rarum

133 2392 177 2444 est
192 2386 336 2463 quoddam
352 2405 443 2464 genus
461 2405 568 2456 eorum,
584 2387 677 2462 quise
695 2405 712 2441 a
729 2404 847 2460 corpore
862 2394 982 2442 avocent

133 2467 217 2524 etad
234 2466 395 2524 divinarum
414 2485 506 2523 rerum
529 2466 725 2542 cognitionem
745 2484 813 2520 cura
829 2466 908 2521 omui
926 2473 983 2522 stu·

132 2545 240 2623 dicque
261 2546 415 2624 rapiantur.
460 2546 573 2603 Horum
596 2553 662 2600 sunt
681 2545 799 2620 auguria
815 2563 872 2601 non
892 2545 982 2602 divini

133 2625 268 2702 impetus,
281 2626 331 2683 sed
345 2626 464 2684 rationis
479 2625 636 2682 humanae:
662 2629 728 2680 narn
747 2630 776 2680 et
791 2631 891 2680 nattrra
905 2625 981 2681 iutu-

133 2724 165 2762 ra
180 2707 386 2782 praesentiunt,
398 2712 432 2763 ut
446 2724 583 2782 aquarum
600 2705 746 2762 eluviones
762 2709 790 2760 et
805 2703 982 2781 deflagratio-

133 2804 201 2842 nem
217 2786 345 2842 futuram
363 2786 517 2863 aliquando
539 2784 609 2842 caeli
627 2792 712 2863 atque
732 2791 878 2842 terrarum.
920 2783 982 2840 Alii

134 2871 231 2922 autem
248 2866 278 2922 in
295 2885 325 2922 re
342 2865 457 2942 publica
471 2865 627 2932 exercitati,
640 2874 673 2922 ut
691 2864 726 2922 de
745 2863 918 2922 Atheniensi
932 2863 982 2921 So-

133 2943 199 3002 lone
210 2945 381 3022 accepimus,
389 2946 528 3002 orientem
540 2945 722 3021 tyrannidem
735 2945 828 3001 multo
841 2950 907 3000 ante
918 2962 982 3020 pro·

134 3025 278 3101 spiciunt:
309 3045 380 3102 quos
402 3025 558 3101 prudentes
580 3044 733 3101 possumus
757 3025 858 3096 dicere,
874 3024 906 3081 id
929 3030 980 3092 est,

134 3105 328 3182 providentes
341 3105 454 3162 divinos
468 3104 548 3162 nullo
565 3105 653 3161 modo
668 3124 828 3182 possumus,
842 3123 901 3161 non
917 3103 982 3180 plus

135 3203 221 3262 quarn
243 3185 388 3243 Milesium
413 3184 670 3261 Thalem,qui,11t
692 3185 888 3260 obiurgatores
915 3203 982 3241 suos
