2242 3436
125 87 172 134 172
258 124 263 132 .
383 83 434 134 DE
451 82 701 134 DIVINATIONE.

123 187 247 244 maxime
261 187 365 264 vigere,
378 205 444 244 cum
458 185 615 263 plurimum
629 185 704 243 absit
717 204 734 242 a
747 204 873 262 corpore.
917 186 964 243 71.

123 267 225 344 Itaque
239 267 377 344 expositis
391 266 530 343 exemplis
544 285 674 324 verarum
688 265 925 323 vaticinationum
938 273 967 323 et

124 347 301 404 somniorum
316 346 471 424 Cratippus
485 346 558 404 solet
572 347 712 404 rationem
727 345 896 403 concludere
910 345 967 403 hoc

123 426 228 484 modo:
252 427 268 454 “
279 426 310 484 Si
327 427 388 484 sine
410 427 499 484 oculis
516 445 575 483 non
591 433 688 503 potest
709 433 818 484 exstare
840 425 966 483 officium

123 515 152 564 et
168 527 274 565 munus
290 507 447 577 oculorum,
465 513 587 582 possunt
603 513 699 564 antem
713 505 870 583 aliquando
890 506 968 563 oculi

123 606 181 644 non
196 587 280 664 fungi
295 607 347 644 suo
361 605 486 658 munere,
500 586 549 662 qni
560 585 604 644 vel
615 586 703 644 semel
713 586 755 643 ita
766 594 809 643 est
820 605 887 643 usus
901 605 969 643 ocn-

123 667 165 739 lis,
178 674 211 725 ut
227 687 293 725 vera
309 667 484 736 cerneretis
500 665 587 724 habet
604 685 719 724 sensum
736 666 884 724 oculorum
901 685 970 722 vera

123 748 308 805 cernentium.
347 746 422 804 Item
433 747 529 823 igitur,
540 747 564 804 si
576 747 637 804 sine
648 746 825 804 divinatione
836 765 894 803 non
904 753 969 822 pot

123 834 167 884 est
181 827 306 884 officium
321 834 350 885 et
364 846 468 884 munus
479 826 665 884 divinationis
679 834 796 897 exstare,
809 833 906 902 potest
920 845 970 882 an-

122 915 182 964 tem
197 907 268 983 quis,
281 926 347 964 cum
358 907 565 964 divinationem
576 906 688 977 habeat,
701 926 792 964 errare
804 906 968 983 aliquande,

122 1006 174 1044 neo
196 1006 261 1043 vera
280 1005 402 1058 cernere,
418 987 487 1044 satis
504 987 600 1044 estad
617 987 842 1045 confirmandam
859 986 971 1043 divina-

122 1067 232 1124 tionem
247 1067 332 1125 semel
348 1067 457 1144 aliquid
472 1086 531 1125 esse
546 1068 587 1125 ita
600 1067 770 1138 divinatum,
780 1073 814 1124 ut
827 1066 900 1123 nihil
910 1066 970 1123 fcr-

123 1147 198 1204 tuito
221 1147 356 1205 cecidisse
378 1147 516 1205 videatur.
559 1147 635 1204 Sunt
653 1155 749 1204 autem
774 1147 835 1204 eius
855 1147 971 1223 generis

123 1227 349 1300 innumerabilia,
366 1247 426 1285 esse
440 1228 529 1304 igitur
546 1226 753 1284 divinationem
771 1225 968 1284 confitendum

124 1307 196 1365 est.’'

163 1387 308 1445 XXXIII.
349 1387 365 1444 7
369 1393 395 1444 2.
414 1386 493 1455 Quae
507 1406 574 1444 vero
589 1393 639 1443 aut
653 1386 816 1444 coniectura
827 1385 969 1463 explican-

123 1475 170 1525 tur
187 1475 237 1525 aut
253 1467 362 1525 eventis
379 1466 575 1524 animadversa
591 1473 620 1524 et
634 1473 734 1524 notata
747 1472 822 1536 sunt,
835 1485 868 1523 ea
884 1485 972 1543 gene-

123 1567 155 1604 ra
171 1547 329 1618 divinandi,
343 1554 376 1604 ut
393 1567 479 1623 supra
495 1547 564 1617 dixi,
576 1565 635 1603 non
652 1547 799 1618 naturalia,
816 1546 866 1604 sed
882 1546 973 1603 artifi-

124 1628 201 1684 ciosa
215 1627 365 1684 dicuntur:
388 1628 418 1683 in
434 1646 490 1704 qno
504 1626 676 1704 haruspices
689 1645 810 1703 augures
827 1627 972 1684 coniecto-

124 1727 224 1784 resque
242 1714 435 1764 numerantur.
477 1706 558 1764 Haec
575 1706 776 1783 improbantur
792 1725 809 1762 a
823 1706 972 1783 Peripate-

125 1787 197 1858 ticis,
207 1807 224 1844 a
235 1787 340 1844 Stoicis
351 1786 554 1844 defenduntur.
589 1786 718 1854 Quorum
730 1785 786 1843 alia
796 1793 863 1843 sunt
873 1787 972 1862 posita

125 1867 155 1922 in
176 1867 372 1924 monumentis
393 1873 422 1924 et
438 1866 597 1944 disciplina,
616 1867 694 1943 quod
715 1866 901 1923 Etruscorum
922 1866 973 1922 de-

125 1946 232 2003 clarant
259 1953 288 2003 et
313 1945 488 2022 haruspicini
514 1953 542 2003 et
565 1946 722 2023 fulgurales
747 1953 775 2003 et
799 1944 971 2003 tonitruales

125 2025 199 2097 libri,
217 2026 305 2082 vestri
329 2026 416 2082 etiam
437 2025 593 2102 augurales,
612 2026 668 2083 alia
692 2033 787 2083 autem
813 2025 909 2082 subito
934 2045 970 2082 ex

125 2113 255 2182 tempore
276 2105 440 2162 coniectura
461 2106 645 2182 explicantur,
662 2112 694 2163 nt
713 2106 790 2182 apud
807 2105 970 2164 Homerum

126 2185 253 2256 Calchas,
267 2185 316 2263 qui
331 2205 365 2243 ex
380 2205 526 2262 passerum
541 2205 660 2242 numero
671 2185 739 2243 belli
750 2186 867 2243 Troiani
878 2203 971 2242 annos

126 2272 280 2342 auguratus
297 2273 341 2323 est
357 2273 386 2323 et
403 2273 435 2323 ut
449 2267 480 2323 in
494 2265 589 2322 Sullae
603 2266 741 2342 scriptum
758 2265 879 2322 historia
891 2265 973 2323 vide-

125 2366 198 2417 muS,
210 2345 288 2423 quod
302 2354 331 2404 tc
345 2346 522 2423 inspectante
537 2346 647 2403 factum
662 2353 713 2418 est,
726 2352 759 2402 ut
772 2365 838 2402 cum
850 2345 929 2402 Sulla
939 2346 970 2402 in

126 2445 195 2502 agro
207 2426 321 2484 Nolano
330 2426 492 2483 immolaret
501 2431 566 2483 ante
576 2426 759 2502 praetorium,
770 2424 806 2482 ab
816 2426 972 2482 infimaara
990 2469 993 2476 ⁴

127 2506 222 2564 subito
239 2506 342 2583 anguis
358 2514 524 2582 emergeret,
537 2523 602 2563 cnm
620 2505 737 2582 quidem
752 2505 784 2563 O.
800 2505 971 2562 Postumius

126 2585 267 2662 haruspex
282 2593 376 2643 oraret
389 2586 478 2655 illrrm,
492 2593 524 2643 ut
540 2585 570 2642 in
585 2586 799 2662 expeditionem
814 2585 970 2642 exercitum

127 2666 276 2722 educeret:
298 2665 329 2722 id
346 2685 412 2722 cnm
430 2664 508 2722 Sulla
523 2666 648 2736 fecisset,
663 2671 726 2722 tum
744 2672 810 2722 ante
827 2665 970 2742 oppidum

127 2745 233 2800 Nolam
257 2743 460 2800 florentissima
482 2744 655 2801 Samnitium
680 2752 772 2802 castra
793 2746 877 2821 cepit.
922 2745 969 2802 73.

128 2822 214 2877 Facta
238 2821 402 2877 coniectura
424 2823 510 2877 etiam
532 2824 562 2878 in
580 2824 723 2900 Dionysio
741 2831 784 2881 est
799 2823 886 2901 paulo
903 2831 972 2882 ante

128 2918 214 2974 quam
235 2917 353 2973 regnare
374 2900 486 2975 coepit:
510 2902 558 2977 qui
580 2921 645 2958 cum
662 2923 714 2978 per
734 2901 834 2980 agrum
856 2904 972 2961 Leonti-

128 2995 197 3032 num
219 2977 273 3032 iter
293 2977 402 3033 faciens
423 2997 526 3054 equum
545 2980 606 3054 ipse
628 2981 788 3039 demisisset
804 2983 834 3038 in
852 2982 971 3052 flumen,

129 3055 292 3111 submersus
319 3075 409 3131 equus
433 3058 616 3132 voraginibus
640 3079 698 3114 non
724 3061 850 3118 exstitit:
884 3081 970 3138 quem

129 3151 194 3189 cum
216 3133 340 3189 maxima
363 3136 548 3192 contentione
569 3155 626 3192 non
648 3139 789 3212 potuisset
813 3141 970 3214 extrahere,
