2242 3436
342 529 386 593 aa
408 528 554 592 amun
585 529 819 594 monacum

281 675 368 755 DE
405 674 882 756 DIVINATIONE

418 844 551 895 LIBER
570 843 734 896 PRIMUS.

425 1081 730 1134 ARGUMENTUM.

189 1182 226 1232 M.
242 1182 329 1232 Cicero
346 1195 404 1230 cum
421 1180 563 1229 t1·eslib1·os
581 1178 610 1229 de
627 1189 718 1230 natura
735 1181 832 1231 deonna
848 1183 998 1248 perfecisset,

157 1249 182 1296 iu
199 1248 286 1311 quibus
303 1248 384 1296 omnis
400 1246 454 1294 eius
467 1245 514 1294 loci
531 1247 644 1308 quaestio
660 1247 808 1310 continetur,
820 1248 945 1310 ingressus
962 1261 1000 1301 est

155 1328 223 1361 anuo
234 1321 289 1376 post
300 1313 353 1361 urb.
366 1311 438 1361 cond.
452 1313 508 1373 710,
520 1326 585 1359 anno
597 1319 656 1360 ante
667 1311 725 1360 Chr.
736 1321 787 1362 nat.
800 1313 841 1375 44,
852 1315 958 1364 seribere
970 1317 1000 1364 de

156 1377 317 1438 divinatione,
329 1391 390 1440 quos
401 1376 477 1424 libros
489 1391 539 1425 una
552 1392 609 1424 cum
621 1376 683 1424 libro
695 1377 724 1424 de
731 1378 801 1439 sato,
809 1393 882 1441 quem
894 1379 932 1428 his
946 1391 1000 1430 erat

156 1443 324 1502 adiuncturus,
337 1441 407 1505 quasi
424 1441 596 1505 supplementa
612 1441 677 1489 illius
695 1443 845 1504 quaestionis
863 1444 999 1494 denatura

155 1509 253 1557 deorum
269 1523 322 1557 esse
338 1507 425 1556 voluit.
466 1507 538 1555 Facit
558 1514 649 1568 autem,
664 1522 722 1555 cum
738 1508 764 1556 in
780 1508 840 1556 villa
857 1509 1000 1560 Tusculana

155 1581 245 1636 essent,
256 1573 286 1634 Q.
299 1575 401 1622 fratrem
418 1587 503 1621 secum
520 1572 556 1620 ita
574 1572 762 1634 colloquentem,
773 1581 801 1622 ut
815 1582 947 1636 postquam
965 1576 995 1637 Q.

156 1639 233 1687 suntet·
243 1653 317 1686 omne
331 1652 408 1698 mnus
421 1637 579 1686 divinationis
591 1653 605 1686 e
616 1636 746 1700 disciplina
759 1639 900 1688 Stoicorum
914 1640 998 1690 deleu-

155 1704 240 1766 disset,
251 1704 303 1766 ipse
316 1703 395 1751 altero
408 1702 472 1751 libro
485 1710 572 1751 contra
588 1702 642 1765 ejus
658 1703 808 1752 sententiam
822 1719 887 1767 quae
900 1705 947 1753 sibi
961 1707 998 1756 di·

156 1770 235 1818 cenda
248 1769 389 1817 viderentur
405 1776 547 1830 exponeiet.
585 1768 615 1816 In
632 1768 713 1831 primo
729 1769 881 1829 igitu1·libro
898 1771 995 1834 Cicero,

155 1834 320 1896 complurium
334 1832 480 1896 populorum
493 1842 519 1882 et
530 1833 733 1896 philosophorum
747 1835 902 1897 opinionibus
916 1837 948 1887 de
960 1838 997 1886 ‹li-

155 1899 288 1949 vinationis
304 1900 407 1948 veiitate
423 1907 449 1947 et
466 1898 571 1947 decietis
588 1899 613 1947 in
628 1899 761 1961 prooemio,
778 1915 831 1963 cap.
845 1902 902 1962 1-4,
914 1901 994 1964 §1-7,

154 1965 292 2027 explicatis,
303 1965 385 2026 ipsum
402 1964 553 2026 colloquium
571 1965 681 2026 exponit.
719 1965 750 2025 Q.
763 1965 840 2014 frater
853 1968 997 2030 antiquissi-

154 2045 222 2078 mam
234 2046 260 2079 se
270 2029 417 2079 sententiam
430 2029 499 2092 sequi
510 2029 647 2091 profitetur,
658 2029 769 2078 omnium
781 2031 927 2093 populorum
937 2049 997 2093 gen-

154 2096 267 2158 tiumque
280 2110 401 2144 consensu
417 2095 609 2156 comprobatam.
646 2096 708 2144 Esse
724 2097 791 2144 euim
805 2098 855 2145 duo
869 2097 996 2148 divinandi

154 2176 251 2221 genera,
263 2175 339 2208 unum
348 2159 516 2221 artificiosum,
527 2161 592 2222 quod
602 2161 691 2223 partim
700 2170 796 2210 constet
803 2177 835 2210 ex
843 2163 993 2225 coniectura,

154 2226 244 2288 partim
253 2241 286 2274 ex
297 2227 468 2282 obsetvatione
479 2226 605 2286 diutnma,
615 2225 719 2275 alterum
733 2226 854 2289 naturale,
863 2229 932 2292 quod
943 2231 996 2278 ani-

154 2307 210 2339 mus
221 2291 328 2354 adripiat
339 2299 382 2340 aut
393 2290 501 2352 excipiat
512 2291 666 2339 extn'nsecus
678 2306 710 2339 ex
719 2291 857 2354 divinitate,
868 2295 934 2343 unde
943 2310 995 2344 om-

153 2371 197 2404 nes
207 2357 307 2406 haustos
316 2357 412 2405 animos
421 2356 558 2420 libatosque
565 2356 709 2405 habeamus.
736 2357 838 2405 Nullam
847 2367 931 2407 autem
941 2375 995 2409 esse

153 2422 280 2470 civitatem
293 2431 336 2470 aut
349 2431 450 2482 gentem
464 2436 527 2484 quae
542 2437 593 2470 non
607 2420 797 2482 aetiologoium,
809 2423 921 2484 sortium,
929 2439 995 2473 som·

152 2487 249 2536 niorum
260 2487 426 2550 praedictione
435 2488 528 2536 moveri
539 2487 625 2536 soleat.
653 2487 739 2549 Atque
747 2486 772 2534 iu
782 2487 821 2535 his
833 2489 934 2537 omnino
943 2505 994 2538 ma-

152 2552 190 2612 gis
204 2563 292 2602 eventa
305 2569 388 2601 rerum
401 2553 506 2616 spectari
519 2567 595 2615 quam
609 2567 695 2600 causus
707 2553 792 2616 quaeri
806 2561 918 2614 oportere
929 2555 994 2602 arbi·

152 2626 239 2667 tratur.
281 2619 363 2667 Multa
378 2619 446 2668 enim
462 2619 487 2666 iu
505 2633 587 2666 retum
604 2626 694 2666 natura
710 2617 830 2677 accidere,
841 2632 904 2679 quae
920 2634 993 2668 nemo

152 2683 248 2732 dubitet
262 2685 320 2746 quin
334 2699 391 2733 vera
403 2685 459 2744 siut,
471 2684 546 2732 etiam
558 2683 578 2730 si
591 2697 635 2731 cur
646 2683 682 2731 ita
693 2683 807 2732 eveniant
818 2683 923 2744 ignoret,
934 2699 989 2746 cap.

152 2752 226 2811 5-13,
237 2749 251 2808 §
264 2753 336 2799 8-23,
379 2751 467 2812 Neque
484 2764 542 2797 veno
560 2758 690 2812 propterea
707 2747 842 2796 tollendam
860 2763 913 2796 esse
931 2749 992 2798 divi-

151 2815 286 2876 nationem,
295 2825 361 2878 quoe
368 2816 491 2879 quaedam
500 2814 563 2863 falsa
571 2815 628 2874 sint,
636 2811 756 2876 quaedam
767 2828 816 2861 uon
826 2813 869 2874 ita,
877 2815 912 2861 uti
922 2828 992 2876 prae-

151 2880 219 2928 dicta
240 2882 297 2940 sint,
310 2883 432 2930 eveniant.
480 2879 574 2928 Multas
594 2879 661 2928 enim
678 2879 858 2942 praedictiones
876 2888 992 2928 eventum

151 2946 274 3008 habuisse,
289 2948 357 3010 quod
374 2961 465 3007 negare
485 2960 559 2994 nemo
577 2946 662 3007 possit,
676 2944 724 2992 nisi
742 2960 841 2993 ornnem
860 2945 991 2993 annalibus

151 3011 226 3060 fidem
245 3012 368 3072 detrahat,
380 3028 433 3074 cap.
446 3012 534 3070 14-17,
548 3009 561 3068 §
575 3011 663 3057 24-33,
706 3011 796 3071 Itaque
813 3025 839 3058 se
852 3010 886 3057 -iis
903 3010 990 3057 adsen-

151 3077 201 3136 tiri,
215 3078 258 3140 qui
275 3077 324 3125 duo
341 3076 498 3126 divinationis
517 3089 608 3134 genera
627 3089 680 3122 esse
697 3074 896 3134 dixe1·unt,aitis
914 3089 989 3122 sinum

150 3143 280 3205 particeps,
290 3157 378 3205 expens
395 3143 507 3190 alterum.
548 3140 639 3188 Carere
655 3147 739 3186 utitem
755 3149 808 3188 unte
824 3155 874 3198 eos,
884 3139 926 3202 qni
939 3155 989 3187 non

151 3208 247 3255 ratione
263 3216 306 3257 aut
321 3209 468 3262 coniectura,
478 3205 613 3252 observatis
630 3219 659 3252 uc
677 3205 769 3252 notatis
781 3206 865 3266 signis,
875 3205 918 3254 sed
932 3219 989 3252 cuu-

1100 2945 1103 3038 l

1029 3251 1100 3414 A
