2220 3432
126 139 158 186 28
348 136 398 184 DE
415 136 565 186 NATURA
582 135 743 186 DEORUM.

126 235 473 314 innumerabilitatemque
494 236 677 308 mundorum,
696 257 795 295 eorum
821 244 908 310 ortus„
926 238 969 294 in·

125 318 236 388 teritus
248 318 346 374 omnia
359 318 428 388 fere,
441 317 545 395 quibus
565 324 682 374 naturae
699 318 772 375 ratio
794 319 966 375 continetur.

126 397 211 454 Nunc
226 397 299 454 istuc
314 398 394 474 quasi
409 417 512 475 corpus
523 405 552 455 et
567 398 648 474 quasi
662 398 829 471 sanguinem
845 398 916 474 quid
926 399 968 455 in-

125 476 255 554 tellegisl
297 477 343 534 74.
365 477 429 554 Ego
451 478 526 534 enim
544 483 573 534 te
595 478 665 534 scire
686 478 742 534 ista
757 477 859 535 melius
881 497 967 555 quam

125 577 172 614 mc
189 577 247 614 non
264 556 358 614 fatcor
378 557 479 628 solum,
492 557 542 614 sed
559 557 645 614 etiam
663 556 746 615 facile
767 558 878 634 patior:
901 577 967 615 cum

126 637 243 714 quidem
258 637 345 694 semel
360 637 436 694 diota
453 645 527 708 sunt,
540 637 610 714 quid
628 644 671 695 est
688 637 767 715 quod
781 637 909 696 Velleius
926 640 968 694 in-

125 717 259 794 tellegere
280 717 379 794 possit,
395 717 482 774 Cotta
502 736 561 774 non
581 718 691 794 possiti
741 717 842 794 ltaque
863 737 968 794 corpus

126 797 197 874 quid
218 797 262 868 sit,
276 798 391 874 sanguis
413 798 483 874 quid
504 798 541 854 sit
562 796 706 874 intellego,
719 798 800 874 quasi
817 817 920 874 corpus
938 805 967 855 et

126 877 207 953 quasi
222 877 338 954 sanguis
353 877 423 954 quid
439 878 477 934 sit
493 877 572 935 nullo
586 897 701 954 prorsus
718 878 806 935 modo
821 877 965 954 intellego

126 956 227 1034 Neque
238 963 270 1014 tu
282 977 328 1014 me
339 957 420 1028 celas
431 965 464 1014 ut
474 956 655 1034 Pythagoras
666 957 775 1015 solebat
785 957 901 1029 alienos,
913 977 967 1014 nec

126 1037 257 1094 consulto
269 1037 340 1094 dicis
352 1037 462 1094 occulte
472 1044 620 1114 tamquam
632 1037 803 1109 Heraclitus
816 1038 874 1107 sed,
888 1038 967 1114 quod

125 1117 201 1175 inter
221 1136 273 1173 nos
290 1117 381 1188 liceat,
394 1137 430 1174 ne
451 1125 483 1174 tu
504 1118 620 1195 quidem
642 1117 792 1194 intellegis.
834 1117 965 1176 XXVII.

127 1196 143 1253 7
148 1204 173 1253 5.
193 1196 268 1254 Illud
282 1197 365 1254 video
387 1217 514 1274 pugnare
535 1205 572 1266 te,
588 1199 696 1274 species
717 1206 750 1255 ut
771 1198 910 1275 quaedam
928 1199 967 1255 sit

126 1276 253 1341 deorum,
267 1296 338 1354 quae
352 1277 424 1334 nihil
439 1278 564 1335 concreti
578 1277 689 1348 habeat,
702 1277 774 1334 nihil
788 1277 880 1349 solidi,
893 1277 967 1335 nihil

126 1358 258 1434 expressi,
269 1357 342 1414 nihil
352 1358 512 1428 eminentis
523 1358 616 1434 sitque
627 1377 706 1434 pura,
716 1357 794 1428 levis,
804 1357 965 1435 perlucida:

126 1437 254 1494 dicemus
268 1437 356 1515 igitur
370 1437 446 1495 idem
465 1437 543 1514 quod
556 1439 587 1494 in
601 1437 714 1495 Venere
731 1437 799 1508 Coa,
815 1457 918 1515 corpus
935 1437 967 1494 il·

125 1516 176 1574 lud
197 1537 255 1574 non
279 1525 330 1589 est,
349 1517 399 1575 sed
422 1517 514 1574 simile
536 1518 671 1594 corporis
689 1537 741 1575 nec
763 1518 810 1576 ille
833 1518 914 1575 fusus
937 1525 967 1575 et

125 1598 253 1654 candore
263 1598 371 1656 mixtus
385 1597 473 1655 rubor
486 1599 601 1672 sanguis
616 1606 666 1669 est,
680 1598 730 1654 sed
748 1598 885 1674 quaedam
905 1618 967 1655 san-

125 1677 222 1753 guinis
243 1677 419 1735 similitudo:
443 1677 482 1734 sic
500 1678 529 1733 in
547 1678 688 1753 Epicureo
705 1678 760 1735 deo
777 1697 836 1734 nou
851 1697 902 1749 res,
915 1678 966 1736 sed

126 1756 329 1813 similitudines
349 1776 444 1813 rerum
461 1776 528 1814 esse.
572 1758 627 1814 Fac
641 1758 680 1828 id,
694 1758 772 1834 quod
786 1777 821 1816 ne
839 1758 966 1835 intellegi

126 1837 243 1913 quidem
255 1843 358 1912 potest,
371 1836 442 1892 mihi
457 1855 516 1893 esse
531 1856 711 1913 persuasum:
730 1838 800 1895 cedo
813 1838 884 1894 mihi
898 1839 966 1895 isto-

125 1936 189 1973 rum
199 1915 433 1973 adumbratomm
443 1915 559 1973 deorum
571 1917 742 1975 lineamenta
753 1926 838 1995 atquc
847 1919 964 1976 formas.

127 1997 142 2054 7
148 2003 173 2054 6.
196 1996 263 2053 Non
281 1997 361 2053 deest
377 1996 432 2053 hoc
449 1996 513 2053 loco
530 1997 614 2073 copia
629 1998 782 2069 rationum,
796 1998 900 2076 quibus
917 1999 967 2056 do-

126 2095 188 2134 cere
203 2075 296 2133 velitis
312 2076 451 2132 humanas
472 2095 532 2134 csse
549 2077 657 2136 formas
674 2077 807 2136 deorum:
829 2079 964 2156 primum,

126 2157 205 2233 quod
225 2156 267 2213 ita
287 2157 324 2213 sit
345 2157 532 2213 informatum
554 2157 800 2235 anticipatumque
820 2159 966 2216 mentibus

126 2236 239 2307 nostris,
249 2243 282 2293 ut
296 2235 415 2307 homini,
428 2255 493 2294 oum
508 2237 543 2294 de
558 2236 612 2294 deo
629 2238 746 2314 cogitet,
759 2239 854 2296 forma
870 2258 966 2296 occur-

125 2323 170 2373 rat
184 2316 323 2373 humana:
346 2317 457 2387 deinde,
471 2317 556 2394 quod,
568 2318 705 2394 quoniam
726 2318 809 2375 rebus
831 2319 966 2376 omnibus

126 2396 245 2454 excellat
259 2403 360 2453 natura
377 2397 482 2466 divina,
494 2397 588 2454 forma
606 2417 720 2474 quoque
737 2417 797 2456 esse
811 2399 966 2475 pulcherri-

126 2497 174 2534 ma
182 2476 292 2547 debeat,
303 2495 354 2534 nce
366 2496 426 2533 esse
438 2477 563 2534 humana
573 2477 659 2534 ullam
671 2477 872 2555 pulchriorem.
899 2479 965 2536 Ter·

125 2557 196 2614 tiam
211 2557 350 2614 rationem
367 2556 494 2628 adfertis,
508 2557 586 2633 quod
602 2557 680 2615 nulla
693 2559 723 2615 in
738 2558 793 2615 alia
809 2557 900 2635 figura
916 2559 966 2616 do-

126 2636 265 2694 micilium
289 2637 394 2694 mentis
422 2657 481 2694 esse
505 2637 604 2714 possit.
654 2638 699 2696 77.
720 2638 852 2696 Primum
876 2639 966 2716 igitur

127 2717 252 2794 quidque
263 2717 474 2774 consideremus
485 2719 567 2794 quale
578 2717 622 2775 sit.
651 2719 792 2796 Adripcre
804 2719 881 2776 enim
892 2719 966 2777 mihi

127 2797 264 2854 videmini
279 2798 359 2874 quasi
374 2805 467 2854 vestro
482 2799 541 2855 iure
559 2817 619 2856 rem
635 2798 714 2856 nullo
729 2799 816 2856 modo
834 2799 966 2877 probabi-

126 2877 191 2934 lem.
230 2877 357 2936 Omnino
373 2878 436 2953 quis
450 2885 509 2935 tam
524 2897 623 2935 caecus
637 2879 667 2935 in
682 2879 911 2956 contemplandis
925 2900 966 2937 re-

126 2956 181 3012 bus
195 2976 330 3032 umquam
345 2957 411 3027 fuit,
424 2965 457 3014 ut
470 2977 529 3014 non
543 2959 652 3016 videret
670 2960 777 3036 species
791 2960 859 3016 istas
874 2960 966 3016 homi-

127 3056 197 3093 num
208 3036 324 3093 collatas
335 3037 363 3093 in
379 3037 448 3094 deos
459 3045 508 3095 aut
517 3039 636 3095 consilio
646 3040 769 3116 quodam
782 3040 964 3116 sapientium,

128 3135 185 3193 qno
199 3115 311 3172 facilius
325 3117 436 3173 animos
449 3118 647 3194 imperitorum
666 3119 702 3176 ad
719 3120 837 3176 deorum
855 3120 966 3177 cultum

128 3197 235 3256 avitae
256 3197 395 3275 pravitate
416 3204 620 3270 converterent,
636 3206 686 3258 aut
706 3201 916 3278 superstitione,
932 3209 966 3261 ut
