2242 3436
126 105 172 152 rro
264 86 268 93 '
350 100 399 148 nn
415 100 566 148 uu'runa
582 99 742 148 nuoauru.

124 223 186 262 cem
206 201 333 260 divinam
353 220 413 259 esse
434 200 662 278 providentiam:
687 199 760 256 hane
781 199 871 276 igitur
894 219 963 278 quo-

123 301 245 360 cumque
259 301 288 339 se
301 289 415 339 moveat
426 281 534 338 efficere
548 299 632 357 posse
647 279 789 356 quidquid
800 279 874 337 velit
907 281 964 338 lta-

124 382 178 440 que
195 369 245 419 aut
261 362 351 420 nescit
368 361 437 438 quid
451 361 543 437 possit
559 367 609 416 aut
622 359 750 436 neglegit
763 379 807 417 res
823 359 964 418 humanas

123 449 173 499 aut
188 442 257 518 quid
272 442 309 498 sit
323 442 466 518 optimum
480 459 539 497 non
553 446 649 516 potest
663 439 796 496 iudicare.
835 439 902 497 Non
917 460 965 498 cu-

123 529 168 578 rat
181 521 308 598 singulos
322 520 460 578 homines.
504 526 550 577 93.
569 519 636 576 Non
654 519 767 590 mirum,
779 537 815 576 ne
832 519 964 578 civitates

123 601 248 678 quidem.
291 601 358 658 Non
375 601 440 658 east
460 619 497 656 ne
517 600 648 657 nationes
669 599 786 676 quidem
807 606 837 656 et
852 606 962 675 gentes.

112 679 209 750 ,Quod
223 681 247 736 si
261 679 312 737 has
326 680 413 737 etiam
430 686 602 749 contemnet,
616 679 685 755 quid
700 679 804 736 mirum
819 687 862 751 est
876 698 964 738 omne

122 761 158 817 ab
173 779 206 817 ea
219 779 309 835 genus
322 759 479 816 humanum
494 777 554 816 esse
571 759 788 834 contemptuml
829 757 886 816 Sed
904 778 963 836 quo

123 839 211 897 modo
229 840 317 896 iidem
334 839 429 896 dicitis
446 858 504 895 non
522 838 620 895 omnia
635 838 705 895 deos
721 838 860 915 persequi,
873 838 962 896 iidem

123 919 209 976 vultis
223 938 240 975 a
254 919 297 976 dis
311 918 520 976 immortalibus
533 917 699 975 hominibus
715 918 860 994 dispertiri
874 937 906 975 ac
921 918 964 975 di·

122 998 183 1055 vidi
197 999 325 1056 somniat
357 998 467 1056 Idcirco
481 998 551 1056 haec
565 1005 669 1069 tecum,
682 998 749 1076 quia
761 1005 855 1056 vestra
868 1006 912 1055 est
925 998 963 1055 de

122 1079 300 1136 somniorum
317 1079 435 1136 veritate
456 1078 604 1136 sententia
645 1077 744 1157 Atque
764 1077 852 1135 iidem
874 1085 962 1135 etiam

123 1165 190 1215 vota
213 1159 318 1234 suscipi
342 1159 438 1216 dicitis
462 1164 601 1236 oportere.
648 1157 760 1234 Nempe
785 1157 889 1234 singuli
913 1178 963 1214 vo-

122 1246 198 1308 vent,
216 1238 297 1296 audit
321 1239 410 1315 igitur
433 1258 514 1296 mens
538 1237 637 1295 divina
659 1238 747 1294 etiam
770 1237 807 1295 de
831 1237 960 1314 singulis.

122 1317 238 1376 Videtis
259 1338 327 1395 crgo
347 1337 406 1374 nou
429 1338 488 1375 esse
513 1337 574 1374 eam
596 1324 657 1374 tam
681 1325 849 1394 occupatam
874 1337 962 1394 quarn

121 1397 285 1474 putabatisl
326 1399 381 1455 Fae
402 1418 462 1456 osse
482 1398 645 1467 distentam,
661 1397 771 1454 caelum
791 1405 960 1468 versantem,

121 1486 225 1536 terram
240 1483 376 1549 tuentem,
389 1479 478 1535 maria
493 1478 699 1547 moderantem,
711 1496 762 1533 cur
777 1483 836 1533 tam
854 1476 962 1533 multos

121 1557 191 1614 deos
212 1558 283 1615 nihil
300 1578 383 1635 agere
404 1565 433 1616 et
453 1577 560 1615 cessare
581 1557 705 1634 patiturl
726 1575 777 1613 cur
796 1574 855 1612 nou
876 1556 962 1613 rebus

121 1636 254 1694 humanis
269 1637 379 1714 aliquos
397 1639 505 1695 otiosos
522 1638 590 1694 deos
603 1635 740 1713 praeficit,
754 1636 803 1712 qui
817 1655 834 1692 a
847 1641 884 1704 te,
897 1635 962 1692 Bal-

121 1715 165 1785 be,
179 1717 398 1775 innumerabiles
419 1717 552 1794 explicati
569 1717 651 1774 suntl
692 1716 773 1773 Haec
790 1716 850 1772 fere
867 1715 961 1772 dicere

121 1795 209 1852 lrabui
223 1797 259 1855 de
273 1804 374 1854 natura
388 1797 514 1866 deorum,
525 1816 583 1853 non
598 1803 630 1853 ut
644 1815 706 1854 eam
716 1795 854 1863 tollerem,
865 1795 914 1851 sed
928 1802 962 1852 ut

121 1875 322 1951 intellegeretis
343 1896 427 1953 quam
450 1882 523 1934 esset
540 1875 659 1933 obscura
679 1882 708 1932 et
726 1894 809 1952 quam
833 1873 962 1931 difficiles

121 1955 279 2031 explicatus
295 1955 419 2013 haberet

161 2035 223 2093 XL.
266 2040 312 2093 94.
332 2035 411 2104 Quae
426 2055 490 2093 eum
506 2035 632 2105 dixisset,
645 2034 733 2092 Cotta
746 2031 841 2090 finem.
880 2031 963 2090 Luci·

121 2114 176 2172 lius
197 2121 309 2172 autem:
332 2115 548 2185 Vehementius,
560 2115 663 2191 inquit,
679 2114 774 2184 Cotta,
789 2119 822 2170 tu
843 2113 962 2189 quidem

120 2195 249 2252 invectus
263 2214 293 2253 es
306 2195 336 2253 in
351 2214 412 2252 eam
428 2195 590 2252 Stoicorum
604 2195 753 2264 rationem,
765 2192 883 2269 quaeda
897 2211 962 2268 pro

121 2275 248 2332 videntia
261 2275 379 2333 deorum
395 2274 430 2332 ab
444 2274 500 2332 illis
514 2274 691 2331 sanctissime
705 2279 734 2330 et
748 2271 963 2350 providentissi-

122 2374 167 2412 me
184 2356 342 2413 constitute
358 2362 408 2412 est.
451 2354 509 2412 Sed
527 2354 662 2430 quoniam
684 2352 900 2429 advesperascit,
913 2350 962 2408 da-

120 2433 165 2490 bis
179 2435 256 2492 diem
270 2436 353 2493 nobis
367 2435 500 2511 aliquem,
511 2441 544 2490 ut
558 2441 657 2491 contra
671 2433 726 2490 ista
739 2433 875 2489 dicamus.
908 2430 962 2487 Est

121 2513 198 2570 enim
218 2514 291 2571 milri
307 2522 402 2572 tecum
419 2533 472 2591 pro
490 2514 545 2571 aris
562 2520 591 2570 et
607 2513 681 2570 focis
701 2519 844 2570 certamen
862 2517 891 2568 et
907 2529 961 2586 pro

121 2592 240 2650 deorum
256 2593 372 2670 templis
389 2601 474 2671 atque
491 2593 616 2651 delubris
632 2612 742 2669 proque
763 2590 842 2647 urbis
862 2590 960 2660 muris,

122 2691 193 2747 quos
210 2692 268 2744 voe,
281 2672 438 2748 pontifices,
454 2681 567 2731 sanctos
587 2691 647 2730 esse
668 2671 763 2729 dicitis
784 2669 962 2746 diligentius

122 2770 177 2826 que
193 2750 293 2808 urbem
310 2751 448 2827 religione
465 2771 551 2828 quam
568 2753 638 2829 ipsis
654 2750 805 2808 moenibus
826 2749 960 2825 cingitis:

121 2847 194 2905 quae
212 2830 302 2886 deseri
319 2849 402 2898 arne,
415 2831 484 2887 dum
502 2831 617 2907 quidem
635 2832 740 2906 spirare
756 2837 868 2907 potere,
880 2829 962 2885 nefas

121 2907 226 2964 iudico.
269 2914 315 2964 95.
335 2908 410 2964 Tum
431 2909 534 2967 Cotta:
556 2911 619 2985 Ego
640 2930 706 2966 vero
728 2917 757 2966 et
778 2916 849 2985 opto
869 2908 963 2965 redar-

122 2987 172 3059 gui
188 3005 243 3054 me,
256 2985 353 3057 Balbe,
366 2996 395 3045 et
412 3008 452 3058 ea,
465 3008 536 3065 quae
553 2989 706 3065 disputavi,
719 2990 856 3046 disserere
872 2987 962 3044 malui

122 3084 208 3138 quam
231 3064 355 3123 iudicare
377 3073 406 3123 et
426 3068 510 3124 facile
531 3087 578 3123 me
600 3088 618 3124 a
638 3075 666 3124 tc
683 3069 759 3124 vinei
776 3087 860 3144 posse
883 3075 963 3124 certo

122 3143 189 3199 sciu.
232 3142 353 3219 Quippe,
365 3145 459 3221 inquit
473 3145 607 3216 Velleius,
621 3147 670 3222 qui
685 3148 771 3204 etiam
786 3147 899 3204 somnia
911 3166 964 3223 pu-
