2242 3436
233 137 302 186 LIB.
315 138 349 200 1.,
363 137 441 188 CAP.
454 137 751 200 xxxia-xxxva,
767 137 781 198 ἓ
796 141 884 189 76-80.
930 143 978 190 175

134 245 212 298 recta
232 239 330 296 nutrix
350 239 553 297 animadvertit
573 259 694 316 puerum
716 240 906 299 dormientem
928 242 979 300 cir·
1054 259 1058 266 ·

134 319 340 397 cumplicatnm
362 320 501 396 serpentis
522 319 663 397 amplexu.
706 320 771 388 Quo
792 327 909 397 aspectu
934 341 980 379 cx-

133 400 234 458 territa
258 400 412 457 clamorem
435 399 557 457 sustulit.
600 400 687 457 Pater
707 408 803 457 autern
824 400 923 458 Roscii
943 402 980 458 ad

134 479 300 556 haruspices
316 479 435 549 rettulit,
448 479 498 556 qui
514 480 723 556 responderunt
740 480 811 537 nihil
826 480 875 538 illo
889 499 979 557 puero

134 560 246 632 elarius,
258 559 330 617 nihil
345 560 471 617 nobilius
482 560 552 617 fore.
595 559 693 636 Atque
704 559 777 617 hanc
792 560 914 636 speeiem
928 561 980 617 Pa-

135 640 231 698 siteles
252 641 371 698 caelavit
392 646 511 716 argento
532 646 562 696 et
582 645 680 697 noster
700 641 839 716 expressit
859 639 980 697 Archias

135 721 271 778 versibus.
314 719 392 788 Quid
403 720 492 796 igitur
502 721 718 795 exspectamus?
735 739 780 791 an,
793 720 862 777 dum
874 720 980 777 infore

134 800 286 858 nobiscum
303 800 334 857 di
348 799 533 871 immortales,
543 799 613 856 dum
628 800 658 856 in
673 799 727 856 viis
743 806 898 870 versentur,
911 800 981 857 dum

136 881 235 938 domil
257 880 306 957 qui
327 880 444 958 quidem
461 877 517 956 ipsi
538 899 568 936 se
588 878 673 937 nohis
692 899 751 936 non
773 881 907 951 offerunt,
922 880 982 937 vim

136 968 232 1018 autem
248 979 328 1017 suam
343 960 428 1036 longe
442 959 555 1037 lateque
570 959 745 1027 diffundunt,
758 979 844 1037 quam
855 966 918 1018 tum
929 967 983 1018 ter-

136 1041 328 1098 raevcavcmis
344 1040 504 1110 includunt,
516 1047 579 1096 tum
595 1039 747 1096 hominum
765 1041 876 1096 naturis
889 1039 983 1117 impli-

137 1127 211 1178 cant.
255 1120 331 1177 Nam
355 1127 446 1177 terrae
466 1120 509 1176 vis
531 1118 669 1196 Pythiam
688 1119 812 1196 Delphis
834 1120 981 1191 incitabat,

137 1208 256 1258 naturae
273 1199 420 1277 Sibyllam.
464 1199 541 1268 Quid
558 1199 654 1256 eniml
675 1218 732 1256 non
751 1199 882 1256 videmus
896 1219 982 1277 quam

138 1281 196 1337 sint
221 1281 298 1338 varia
321 1288 460 1346 terrarum
477 1298 589 1356 genera,
605 1298 640 1335 ex
662 1279 767 1356 quibus
786 1287 815 1336 et
833 1280 984 1337 mortifera

139 1360 279 1437 quaedam
294 1380 359 1437 pars
376 1366 427 1431 est,
440 1367 472 1417 ut
486 1368 516 1416 et
529 1358 701 1435 Ampsancti
716 1359 746 1415 in
760 1358 892 1436 Hirpinis
910 1359 981 1416 etin

138 1441 210 1498 Asia
223 1440 368 1510 Plutonia,
382 1459 453 1517 quae
470 1438 603 1508 vidimus,
616 1445 645 1496 et
659 1445 726 1496 sunt
740 1447 835 1515 partes
849 1458 982 1515 agrorum

139 1521 210 1578 aliae
231 1520 404 1598 pestilentes,
420 1519 491 1576 aliae
512 1518 645 1589 salubres,
658 1517 728 1576 aliae
750 1537 821 1595 qnae
842 1525 926 1576 acuta
942 1519 984 1575 in-

138 1601 224 1678 genia
239 1601 369 1678 gignant,
382 1599 453 1656 aliae
470 1619 542 1676 quae
558 1605 690 1656 retunsa:
713 1617 785 1674 quae
799 1599 897 1656 omnia
910 1598 983 1655 fiunt

139 1690 169 1738 et
189 1701 224 1738 ex
245 1680 316 1738 caeli
333 1680 471 1738 varietate
485 1688 514 1738 et
530 1698 566 1736 ex
582 1679 689 1756 dispari
706 1678 878 1755 aspiratione
899 1685 985 1736 terra-

140 1780 211 1818 rum.
269 1801 272 1807 Δ

181 1847 227 1898 80.
250 1839 297 1897 Fit
313 1839 400 1896 etiam
416 1857 499 1916 saepe
516 1839 610 1916 specie
632 1838 764 1916 quadam,
780 1857 863 1915 saepe
880 1857 984 1897 vocum

139 1921 279 1999 gravitate
294 1926 323 1978 et
334 1918 466 1977 cantibus
481 1926 513 1976 ut
523 1918 667 1995 pellantur
677 1918 766 1975 animi
778 1918 983 1987 vehementius,

140 2021 224 2078 saepe
238 2000 325 2058 ctiam
340 2019 407 2056 cura
421 2006 451 2056 et
464 1999 577 2069 timore,
590 1998 682 2075 qualis
696 2005 739 2056 est
753 1998 802 2055 illa

198 2129 346 2180 Flexanima
357 2136 484 2191 tamquam
496 2127 624 2190 lymphata
635 2134 677 2175 aut
690 2126 782 2175 Bacchi
793 2128 868 2176 sacris

200 2197 333 2244 Commota
344 2195 370 2242 in
382 2193 482 2242 tumulis
493 2193 619 2241 Teucrum
631 2207 830 2241 commemorans
842 2207 922 2240 suum.

141 2313 301 2372 XXXVII.
323 2312 422 2390 Atque
439 2311 526 2368 etiam
542 2309 591 2368 illa
607 2309 763 2367 concitatio
780 2309 905 2366 declarat
925 2309 984 2365 vim

141 2395 172 2452 in
193 2394 297 2451 animis
321 2412 381 2450 esse
404 2391 539 2448 divinam.
583 2389 678 2466 Negat
702 2389 780 2446 enim
805 2389 865 2446 sine
887 2389 984 2446 furore

141 2474 327 2532 Democritus
344 2490 517 2550 quemquam
531 2476 649 2548 poetam
664 2487 801 2544 magnum
817 2487 877 2525 esse
890 2487 983 2544 posse,

143 2554 221 2632 quod
243 2554 321 2611 idem
344 2553 416 2610 dicit
439 2552 532 2609 Plato.
575 2549 676 2618 Quem,
695 2549 720 2605 si
740 2547 842 2624 placet,
860 2547 984 2625 appellet
1050 2615 1051 2618 Ἴ

142 2635 278 2705 furorem,
302 2632 371 2690 dum
395 2632 484 2688 modo
508 2632 533 2688 is
560 2630 641 2687 furor
664 2629 706 2685 ita
733 2628 871 2698 laudetur,
894 2634 926 2684 ut
953 2627 984 2684 in

143 2714 276 2772 Phaedro
291 2712 421 2770 Platonis
435 2711 567 2768 laudatus
581 2717 631 2767 cst.
674 2708 769 2777 Quidl
786 2715 879 2765 vestra
893 2707 983 2764 oratio

143 2795 173 2851 in
191 2794 291 2864 causis,
307 2792 395 2870 quidl
416 2791 479 2868 ipsa
495 2791 570 2848 actio
591 2795 688 2866 potest
709 2808 769 2846 esse
785 2788 939 2846 vehemens
955 2794 985 2844 et

142 2875 237 2948 gravis
257 2880 287 2930 et
307 2873 432 2949 copiosa,
447 2871 503 2928 nisi
524 2877 567 2928 est
584 2870 696 2927 animus
716 2869 777 2946 ipse
794 2867 984 2925 commotior?

143 2947 287 3031 Equidem
308 2953 395 3010 etiam
416 2952 445 3008 iu
467 2959 497 3008 te
518 2969 600 3026 saepe
621 2949 681 3006 vidi
702 2956 738 3018 et,
754 2955 794 3014 ,ut
818 2949 855 3005 ad
878 2947 984 3004 leviora

143 3035 298 3104 veniamus,
315 3033 344 3089 in
361 3032 479 3108 Aesopo
495 3029 631 3087 familiari
650 3035 702 3086 tuo
723 3036 836 3086 tantum
853 3026 982 3084 ardorem

143 3114 276 3171 vultuum
298 3120 383 3190 atque
405 3118 546 3180 motuum,
562 3116 595 3166 ut
616 3128 682 3166 enm
703 3109 745 3166 vis
768 3107 906 3186 quaedam
923 3105 982 3163 abs

143 3193 262 3252 traxisse
276 3211 294 3250 a
307 3211 391 3250 sensu
404 3190 510 3248 mentis
524 3189 674 3246 videretur.
