2224 3446
322 511 365 576 M.
388 511 534 576 rotun
565 514 798 576 otouaoars

261 657 347 736 DE
385 657 861 740 DIVINATIONE

372 827 504 878 LIBER
524 828 744 880 SECUNDUS.

406 1065 711 1117 ARGUMENTUM.

171 1161 228 1211 Hoc
242 1161 321 1211 altero
335 1161 367 1211 de
381 1162 533 1212 divinatione
547 1165 610 1212 libro
624 1165 711 1214 Cicero
722 1175 852 1229 postquam
867 1167 898 1216 de
912 1167 980 1216 libris

138 1227 189 1276 auis
203 1237 262 1276 aute
275 1227 320 1275 hos
333 1228 365 1276 de
378 1228 529 1278 divinatione
542 1230 617 1278 libros
631 1231 727 1293 scriptis
742 1239 766 1280 et
780 1231 811 1279 de
828 1233 915 1280 studiis
929 1234 980 1281 suis

138 1292 240 1341 omnino
251 1294 374 1354 exposuit,
384 1309 438 1356 cap.
451 1299 472 1355 l,
483 1293 532 1355 2‚§
547 1299 599 1356 l-I,
610 1305 697 1344 contra
709 1297 830 1345 rationem
843 1297 953 1346 Stoicam
965 1315 980 1346 a

138 1358 169 1417 Q.
178 1357 253 1407 tratre
262 1357 323 1406 libro
335 1360 459 1420 superiora
470 1361 629 1421 explanatam
638 1370 662 1408 et
671 1361 797 1410 defensam
805 1361 931 1424 disputare
942 1363 980 1410 in-

138 1424 226 1472 stituit.
260 1423 363 1471 Initium
375 1424 435 1472 facit
446 1441 462 1472 a
473 1425 608 1473 Carneadis
618 1434 763 1486 argumento
774 1427 867 1474 nullam
878 1427 980 1475 esse-di-

138 1488 289 1536 vinationem
309 1490 438 1549 censentis,
453 1489 520 1552 qaod
538 1489 605 1538 nulla
624 1491 656 1538 sit
675 1491 834 1539 divinationis
851 1500 980 1554 tamquam

138 1554 262 1602 materies.
298 1553 401 1602 Nullam
415 1556 482 1602 enim
496 1570 549 1603 esse
562 1555 738 1605 divinationem
753 1571 832 1618 neque
846 1571 930 1605 aarum
942 1572 980 1605 re-

138 1633 202 1680 rum,
213 1633 277 1681 qaae
288 1619 400 1666 sensibus
408 1620 581 1682 percipiantur,
590 1635 670 1683 neque
679 1636 771 1681 earum,
782 1636 846 1684 quae
857 1631 910 1670 arte
920 1631 980 1670 trac-

137 1692 228 1744 tentur,
240 1698 320 1745 neque
336 1699 428 1744 earum,
440 1700 505 1747 qnae
518 1686 543 1732 in
562 1700 587 1733 re
600 1685 697 1748 publica
710 1696 843 1747 versentur,
854 1701 907 1749 cap.
918 1689 942 1748 3,
953 1689 976 1746 4,

138 1747 235 1812 §8-12.
263 1750 396 1797 Praeterea
405 1764 454 1797 uon
464 1750 647 1799 concedendum
657 1751 733 1800 videri
742 1751 917 1801 divinationem
927 1768 980 1802 esse
1017 1801 1027 1824 ‚

137 1814 329 1876 praedictionem
342 1824 367 1862 et
376 1817 575 1876 praesensionem
585 1831 668 1864 rerum
679 1816 835 1866 fortuitarum
846 1835 852 1866 ε
872 1819 980 1880 primum

138 1879 204 1927 enim
213 1889 308 1938 ventos,
319 1889 420 1928 eventus
434 1879 670 1941 morborunr,multa
681 1882 730 1930 alia
743 1897 797 1931 esse
810 1883 919 1943 lbrtuita,
930 1898 980 1932 non

138 1954 221 1992 tamen
233 1958 247 1991 e
259 1945 399 1994 Stoicorum
410 1955 493 1994 mente
504 1945 649 1994 divinationi
659 1948 783 1996 subiecta:
802 1948 890 1997 deinde
902 1949 922 1996 si
932 1949 980 1998 lor-

138 2010 202 2058 taita
214 2009 336 2068 dieantur,
347 2024 412 2073 quae
428 2025 509 2073 neque
522 2011 616 2058 ratione
629 2027 710 2075 neque
723 2022 775 2061 arte
789 2014 910 2076 provideri
924 2029 981 2077 pos-

138 2074 195 2136 sint,
205 2075 272 2138 quod
285 2075 310 2122 in
327 2076 426 2123 fortuna
439 2077 520 2137 posita
533 2077 589 2136 sint,
599 2077 694 2125 nnllam
707 2092 779 2140 posse
796 2093 880 2128 eamm
898 2095 980 2128 rerum

138 2155 191 2188 esse
202 2139 409 2202 praesensionem.
441 2141 580 2190 sinautem
595 2143 671 2190 Stoici
685 2152 775 2204 negent
788 2158 841 2193 asse
854 2145 980 2192 somonam

138 2215 164 2253 et
177 2205 268 2266 omnia,
280 2220 345 2267 qaae
360 2205 409 2253 sint
423 2221 534 2268 quaeque
548 2207 630 2255 futura
643 2207 700 2269 sint,
710 2223 743 2256 ex
754 2210 822 2257 omni
833 2210 981 2258 aeternitate

138 2271 246 2318 fataliter
262 2270 366 2318 definita
381 2285 435 2319 esse
451 2272 569 2328 iudicent,
581 2272 642 2320 nihil
659 2273 775 2334 prodesse
792 2273 978 2332 diviuationem,

138 2351 191 2398 cap.
202 2337 259 2395 5-8,
270 2334 284 2394 §
298 2338 386 2396 12-21,
396 2346 422 2384 et
432 2351 490 2384 vero
499 2337 612 2385 inutilem
624 2337 763 2386 hominibus
775 2353 828 2387 esse
839 2338 980 2387 suturarum

138 2415 222 2448 rerum
235 2401 372 2461 scientiam,
382 2416 435 2463 cup.
447 2404 472 2461 9,
482 2401 496 2460 ἓ
509 2404 597 2461 22-24,
607 2410 632 2448 et
643 2403 710 2464 quod
721 2402 805 2451 dicant
815 2404 883 2451 mala
896 2405 981 2452 omnia

138 2466 171 2513 ad
180 2466 306 2514 ferendum
317 2465 408 2514 leviora
416 2466 468 2515 fore
477 2467 549 2516 rebus
559 2467 649 2514 divinis
657 2468 803 2529 procuratis,
811 2468 874 2516 nihil
882 2469 907 2517 id
916 2483 978 2529 esse,

139 2531 213 2594 quod,
226 2531 246 2578 si
262 2531 324 2578 nihil
337 2531 382 2580 liat
399 2540 471 2580 extra
486 2531 574 2592 fatum,
584 2531 645 2579 nihil
658 2532 732 2580 levari
749 2547 776 2580 re
793 2533 877 2581 divina
892 2535 978 2596 possit,

139 2611 193 2658 cap.
204 2598 242 2656 10,
252 2594 266 2654 5
276 2598 316 2655 25,
328 2598 367 2644 26.
395 2597 520 2660 Deinceps
531 2597 627 2656 singula
638 2597 796 2645 divinationis
807 2612 906 2659 genera,
916 2613 980 2661 qnae

139 2675 194 2722 cap.
206 2663 244 2719 ll,
256 2660 270 2718 ξ
282 2664 322 2721 26,
335 2663 366 2710 27
378 2661 459 2710 denuo
471 2663 583 2725 partitur,
598 2661 704 2710 refutare
717 2662 868 2723 adgreditur.
897 2665 937 2711 Ac
949 2663 980 2712 de

139 2725 297 2787 haruspicina
306 2726 404 2789 quidem
414 2727 531 2790 disputat,
537 2727 563 2775 id
572 2735 616 2785 est,
628 2727 658 2776 de
667 2728 739 2787 exus,
750 2743 803 2791 cap.
811 2730 897 2788 12-16,
907 2727 922 2787 §
932 2731 980 2776 28-

116 2797 118 2802 '
140 2793 172 2841 :tt
181 2809 188 2852 ς
209 2791 239 2840 de
248 2790 390 2851 fulguribus,
400 2807 453 2855 cap.
466 2795 553 2854 17-21,
564 2792 578 2850 ἓ
591 2795 686 2854 38-49;
705 2793 737 2841 de
747 2793 858 2854 ostentis,
868 2808 921 2856 cap.
932 2797 981 2841 22-

140 2858 181 2916 32,
191 2854 205 2915 ἓ
217 2858 306 2905 40-60.
343 2857 441 2906 Deinde
452 2866 574 2906 monstrat
583 2873 657 2920 quam
666 2873 730 2906 viana
738 2859 788 2906 sint
797 2858 913 2920 auspicia,
924 2873 977 2921 cap.

140 2920 254 2982 33-40‚§
270 2923 357 2970 70-84.
393 2923 460 2970 'lum
476 2922 507 2971 de
524 2923 629 2971 sortibus
642 2924 701 2982 agit,
712 2938 767 2986 cup.
776 2923 841 2983 lt‚§
856 2926 946 2982 85-87,
955 2932 981 2972 et

141 2987 173 3034 de
186 2986 367 3035 Chaldaeorum
380 2987 587 3050 praedictionibus
601 2988 753 3048 astrologicis
766 3003 900 3051 earumque
911 2989 980 3036 vani-

142 3061 201 3110 tate,
211 3067 264 3113 cap.
274 3052 388 3111 4‘2-47‚§
403 3054 492 3101 87-99.
529 3053 599 3111 Quae
612 3054 706 3116 reliqua
723 3062 781 3101 sunt
794 3054 844 3102 duo
860 3054 980 3102 naturalis

142 3117 299 3166 divinationis
314 3132 412 3178 genera,
421 3132 474 3179 cap.
484 3117 550 3176 48,§
566 3120 620 3176 100,
631 3119 736 3166 alterum
752 3118 925 3180 praedictionis
942 3119 980 3164 fu-

142 3197 198 3232 rora
214 3181 323 3248 quodam
339 3190 420 3244 natae,
432 3196 481 3244 quo
498 3181 573 3231 etiarn
591 3182 709 3233 librorum
727 3183 903 3246 Sibyllinorum
919 3183 980 3231 alio·
