2224 3446
119 112 168 160 254
456 109 507 158 Du
523 107 626 159 FATO.

119 214 198 292 quod
220 212 343 282 audiam,
360 210 384 267 si
403 209 457 268 tibi
476 229 535 267 non
558 217 602 268 est
619 209 783 280 molestum,
799 209 872 269 volo.
914 211 963 268 An

118 292 200 364 mihi,
213 292 339 367 inquam,
351 296 448 367 potest
463 291 616 368 quicquam
632 309 692 346 esse
708 289 871 360 molestum,
885 292 964 367 quod

118 372 173 430 tibi
187 379 301 450 gratnm
316 371 446 427 futurum
464 371 525 427 estt
566 369 623 427 Sed
637 370 678 426 ita
695 370 801 441 audies,
813 376 846 427 ut
860 369 965 427 Roma-

118 471 189 508 num
204 451 359 521 hominem,
371 456 405 507 ut
415 450 517 506 timide
528 449 737 526 ingredientem
753 449 858 508 adhoc
873 470 964 527 genus

118 531 293 609 disputandi,
309 538 342 587 ut
358 530 446 606 longo
463 529 613 587 intervallo
630 529 700 587 haec
721 531 816 588 studia
836 537 965 607 repeten-

118 619 185 670 tem.
225 612 278 681 Ita,
290 610 392 686 inquit,
405 609 520 666 audiam
534 616 563 667 te
578 610 782 687 disputantem,
795 617 828 668 ut
841 629 875 668 ea
888 609 962 686 lego,

119 711 191 768 quae
208 691 354 768 scripsisti.
397 689 524 747 Proinde
539 690 641 748 ordire.
889 695 891 699 ’

387 801 501 880 [Malta
515 806 561 863 bic
575 803 698 884 derant]

158 929 211 988 III.
255 936 281 988 5.
304 929 526 988 Consideremus
545 929 592 987 hic
613 973 620 988 .
639 973 645 988 .
665 972 671 987 .
692 923 817 1007 ¹quorum
839 929 868 986 in
890 929 961 1001 aliis,

118 1017 151 1068 ut
165 1011 195 1066 in
209 1010 366 1087 Antipatro
383 1016 480 1086 poeta,
492 1009 569 1067 utin
586 1009 709 1066 brumali
726 1010 772 1066 die
789 1010 872 1080 natis,
885 1016 917 1067 ut
931 1011 962 1066 in

119 1089 202 1147 simui
220 1089 435 1165 aegrotantibus
451 1089 597 1160 fratribus
612 1095 646 1146 ut
663 1090 692 1147 in
709 1089 800 1159 urina,
816 1095 848 1146 ut
865 1090 895 1147 in
912 1109 963 1146 un-

118 1169 230 1246 guibus,
249 1176 282 1227 ut
305 1169 335 1225 in
358 1169 474 1245 reliquis
499 1169 559 1226 eius
581 1169 671 1239 modi,
689 1176 806 1226 naturae
827 1170 962 1246 contagio

112 1250 201 1322 ¹valet,
220 1268 306 1326 quam
324 1268 377 1325 ego
394 1268 453 1305 non
470 1247 559 1306 tollo:
581 1250 624 1306 vis
641 1255 684 1307 est
700 1248 778 1304 nulla
794 1248 908 1306 fatalis:
930 1250 962 1306 in

119 1329 181 1386 aliis
198 1337 294 1387 autem
307 1329 429 1386 fortuita
447 1329 586 1405 quaedam
604 1347 663 1386 esse
678 1335 806 1405 possunt,
819 1336 853 1386 ut
866 1329 896 1385 in
911 1329 961 1386 ilio

118 1409 267 1486 naufragO,
287 1415 321 1466 ut
344 1409 375 1465 in
399 1408 505 1480 Icadio,
527 1409 612 1466 utin
634 1407 771 1485 Daphita.
814 1407 962 1476 Quaedam

119 1489 206 1545 etiam
227 1488 510 1565 Posidonius-pace
531 1488 660 1564 magistri
682 1488 962 1545 dixerim-commi·

118 1569 190 1625 nisci
207 1569 327 1626 videtur.
370 1567 444 1625 Sunt
462 1568 578 1644 quidem
599 1567 728 1625 absurda.
771 1567 849 1636 Quid
865 1569 962 1626 enimi

119 1648 150 1704 Si
160 1647 306 1725 Daphitae
317 1647 411 1704 fatum
422 1647 479 1704 fuit
494 1667 527 1704 ex
543 1667 616 1724 equo
631 1647 730 1705 eadere
745 1653 831 1724 atque
845 1648 886 1704 ita
900 1667 963 1725 per-

118 1728 167 1798 ire,
180 1747 214 1784 ex
225 1727 328 1785 hocine
343 1747 425 1804 equo,
438 1727 495 1804 qni,
508 1746 573 1784 cum
589 1746 678 1804 equus
691 1746 750 1784 non
762 1734 842 1798 esset,
855 1747 961 1786 nomen

118 1806 243 1864 habebat
269 1807 413 1864 alienum?
439 1815 489 1864 ant
513 1806 667 1884 Philippus·
689 1805 773 1864 hasce
801 1808 831 1864 in
859 1808 962 1884 capulo
990 1821 993 1830 '

120 1887 303 1964 quadrigulas
325 1887 413 1943 vitare
436 1886 625 1944 monebatur?
665 1885 754 1954 Quasi
770 1906 837 1944 vero
859 1887 961 1964 capulo

120 1968 157 2022 sit
172 1967 288 2023 occisus.
332 1965 409 2032 Quid
440 1973 535 2023 autern
563 1965 709 2042 magnum,
735 1973 765 2023 et
788 1967 962 2043 naufragum

119 2046 200 2103 illum
216 2045 275 2102 sine
289 2046 407 2102 nomine
421 2045 451 2101 in
465 2046 526 2102 rivo
541 2065 601 2102 esse
616 2046 727 2122 lapsum
736 2047 961 2123 t-quamquam

11 2189 12 2198 ἵ
119 2125 186 2182 huic
214 2125 330 2202 quidem
351 2124 398 2180 bio
423 2124 521 2182 scribit
544 2126 722 2202 praedictum
747 2126 777 2183 in
802 2145 878 2204 aqua
901 2146 962 2185 esse

119 2205 313 2283 pereundum:
335 2223 371 2261 ne
385 2204 499 2262 hercule
516 2205 607 2263 Icadii
624 2205 740 2282 quidem
754 2207 906 2282 praedonis
923 2207 963 2263 vi-

120 2286 174 2342 deo
191 2285 285 2342 fatum
303 2283 408 2341 ullum:
431 2283 503 2341 nihil
520 2286 596 2342 enim
615 2285 713 2342 scribit
730 2286 756 2342 ci
773 2286 961 2361 praedictum.

121 2370 147 2422 6.
170 2365 247 2434 Quid
263 2365 368 2421 mirum
389 2363 479 2439 igitur
499 2384 534 2421 ex
556 2365 689 2441 spelunca
710 2385 809 2422 saxum
830 2365 860 2423 in
881 2385 963 2422 crura

11 2449 12 2494 ἐ
120 2445 181 2501 eius
197 2444 349 2502 incidisset
389 2443 467 2502 Puto
485 2445 570 2514 enim,
583 2444 669 2500 etiam
687 2445 710 2501 si
724 2445 837 2502 Icadius
854 2452 917 2504 tum
932 2446 963 2502 in

11 2565 12 2604 ἦ
121 2523 255 2601 spelunca
268 2543 327 2581 non
341 2523 450 2594 fuisset,
463 2543 562 2581 saxum
577 2530 673 2581 tamen
688 2525 759 2582 illud
773 2543 903 2582 casurum
918 2525 963 2581 fn-

11 2607 12 2638 *
120 2604 183 2661 isse.
226 2603 301 2660 Nam
319 2610 368 2660 ant
384 2603 457 2660 nihil
475 2610 518 2660 est
534 2605 653 2661 omnino
670 2605 823 2662 fortuitum
841 2611 890 2662 ant
905 2603 963 2661 boo

121 2684 215 2759 ipsum
230 2684 326 2759 potuit
341 2684 453 2740 evenire
464 2683 588 2740 fortuna
621 2682 733 2751 Quaero
747 2685 963 2761 igitur-atque

11 2763 12 2768 ’
120 2760 176 2817 hoc
197 2762 254 2818 late
276 2761 467 2838 patebit-si
489 2763 544 2819 fati
569 2764 687 2820 omnino
711 2764 821 2821 nullum
845 2782 961 2832 nomen,

120 2839 198 2894 nulla
212 2847 320 2910 natura,
334 2840 411 2897 nulla
421 2841 463 2897 vis
478 2849 551 2899 esset
565 2849 595 2899 et
608 2843 692 2912 forte,
704 2849 819 2914 temere,
832 2862 898 2900 casu
912 2850 963 2901 arrt

11 2927 12 2932 ’
121 2917 255 2993 pleraque
272 2918 371 2975 fierent
388 2925 438 2975 aut
455 2921 559 2991 omnia,
575 2940 644 2977 num
662 2922 744 2978 aliter
760 2941 792 2978 ac
808 2941 884 2978 nunc
902 2941 963 2979 eve

121 2996 205 3050 niunt
219 2997 382 3053 evenirent?
416 2995 493 3064 Quid
507 3018 575 3074 ergo
590 3000 693 3057 attinet
704 3001 843 3058 inculcare
857 3001 962 3071 fatum,

121 3090 187 3126 cum
205 3074 264 3128 sinc
281 3075 343 3129 fato
359 3075 432 3131 ratio
450 3077 579 3134 omnium
595 3097 688 3136 rerum
707 3080 744 3136 ad
760 3089 890 3140 naturam
905 3080 963 3144 for·

121 3155 256 3208 tunamve
269 3152 425 3214 referatur?
