2224 3446
142 105 191 154 238
407 103 456 152 DE
472 101 721 154 DIVINATIONE.

143 205 274 264 Primum
280 203 386 263 Latine
398 205 505 282 Apollo
516 223 673 282 numquam
685 204 798 261 locutus
812 210 863 262 est.
896 203 984 262 Dein·

143 286 179 343 dc
195 286 252 344 ista
268 304 328 342 sors
344 285 475 342 inaudita
491 284 606 342 Graecis
623 291 674 342 est.
716 283 867 341 Praeterea
881 283 987 360 Pyrrhi

142 365 323 442 temporibus
334 365 391 422 iam
406 364 514 441 Apollo
528 384 625 422 versus
635 364 729 421 facere
740 363 869 420 desierat.
903 363 987 420 Post·

142 465 230 517 remo,
244 463 417 522 quamquam
433 463 544 520 semper
558 445 624 515 fuit,
636 450 669 500 ut
683 443 761 520 apud
775 443 902 500 Ennium
917 449 969 515 est,

234 611 241 624 .
302 611 308 624 .
436 610 442 623 .
505 575 621 623 stolidum
633 589 710 634 genus
721 573 898 635 Aeacidarum,

233 639 412 703 Bellipotentes
423 646 481 688 sunt
491 640 571 700 magis
582 655 656 702 quam
668 640 893 702 sopientipotentcs‚

142 768 240 820 tamen
260 760 334 817 hanc
355 759 562 836 amphiboliam
582 779 680 816 versus
696 758 861 837 intellegere
878 760 987 835 potuis-

143 848 194 910 set,
208 840 225 868 “
235 840 346 897 vincere
360 846 390 896 te
404 839 552 897 Romanos
561 839 577 867 ”
595 839 686 895 nihilo
702 840 795 915 magis
810 840 841 896 iu
856 858 885 896 se
900 858 987 915 quam

142 921 173 977 in
184 919 331 976 Romanos
341 919 441 976 valere.
480 919 555 976 Nam
566 919 615 976 illa
624 919 808 996 amphibolia,
819 937 891 995 quae
902 917 988 976 Oroe

144 1018 207 1058 sum
224 999 346 1075 decepit,
361 998 406 1056 vel
424 998 619 1076 Chrysippum
636 999 778 1075 potuisset
794 998 900 1069 fallere,
915 997 987 1056 haec

145 1097 210 1137 vero
221 1097 257 1136 ne
268 1078 425 1156 Epicurum
441 1079 565 1156 quidem.
608 1078 699 1137 LVII.
740 1077 806 1136 117.
829 1077 894 1150 sed,
908 1079 988 1155 quod

144 1166 231 1236 caput
250 1166 301 1230 est,
314 1178 364 1216 cur
383 1159 440 1216 isto
462 1158 551 1216 modo
572 1155 631 1215 iam
651 1159 764 1216 oracula
784 1157 906 1235 Delphis
926 1177 987 1215 non

144 1239 276 1310 eduntur,
292 1257 351 1296 non
370 1239 460 1297 modo
476 1245 575 1296 nostra
595 1244 695 1310 aetate,
712 1237 762 1295 sed
778 1238 836 1296 iam
853 1238 911 1309 diu,
928 1238 987 1294 iam

144 1327 178 1377 ut
191 1318 263 1376 nihil
274 1319 366 1396 possit
376 1337 437 1376 esse
450 1319 663 1394 contemptiusl
704 1318 769 1375 Hoc
784 1318 847 1375 loco
862 1337 929 1375 cum
941 1337 987 1374 ur·

143 1407 256 1477 gantur,
268 1399 415 1457 evanuisse
433 1398 514 1456 aiunt
527 1405 668 1456 vetustate
682 1399 741 1454 vim
757 1398 814 1456 loci
828 1398 896 1469 eius,
909 1397 986 1455 unde

144 1480 287 1538 anhelitus
301 1479 349 1537 ille
363 1486 453 1537 terrae
467 1478 555 1550 fieret,
568 1498 626 1555 quo
637 1477 744 1554 Pythia
758 1485 854 1536 mento
868 1478 987 1534 incitata

144 1559 258 1618 oracula
272 1559 376 1618 ederet.
418 1559 464 1616 De
477 1559 545 1616 vino
560 1566 609 1616 aut
620 1557 790 1615 salsamento
801 1564 885 1634 putes
896 1557 985 1634 loqui,

145 1659 217 1718 quae
234 1646 406 1698 evanescunt
422 1645 571 1697 vetustate.
613 1638 659 1696 De
673 1638 702 1695 vi
715 1637 771 1694 loci
785 1637 881 1714 agitur
893 1657 987 1714 neque

145 1720 238 1779 solum
260 1720 390 1791 naturali,
406 1720 457 1777 sed
477 1719 564 1777 etiam
583 1718 688 1789 divina,
705 1736 777 1796 quae
795 1737 852 1795 quo
868 1716 986 1775 tandem

144 1801 233 1859 modo
250 1800 385 1858 evanuitl
425 1801 586 1871 Vetustate,
602 1799 720 1876 inquies
764 1796 843 1866 Quae
861 1804 987 1856 vetustas

145 1888 188 1938 est
204 1899 274 1958 quae
288 1880 348 1938 vim
363 1879 490 1937 divinam
504 1879 642 1938 conficere
655 1878 766 1956 possiti
787 1878 857 1955 quid
871 1884 930 1936 tam
946 1877 987 1935 di-

144 1961 244 2018 vinum
259 1967 354 2018 autem
370 1979 455 2038 quam
470 1959 592 2020 adflatus
606 1979 640 2017 ex
654 1966 729 2016 terra
738 1967 866 2016 mentem
876 1959 917 2016 ita
927 1977 988 2015 mo

144 2058 221 2111 vens,
234 2046 267 2097 ut
283 2058 345 2097 eam
362 2040 513 2117 providam
529 2059 624 2101 rerum
644 2040 807 2096 futurarum
827 2037 939 2110 efficiat,
954 2045 988 2095 ut

145 2138 179 2177 ea
195 2138 254 2176 uon
269 2120 359 2177 modo
380 2127 477 2178 cernat
492 2121 585 2178 multo
607 2120 681 2191 ante,
697 2119 747 2177 sed
763 2119 851 2177 etiam
867 2137 987 2176 numero

145 2217 284 2276 versuque
294 2200 480 2276 pronuntiati
517 2199 639 2269 Quando
653 2207 749 2256 autem
760 2200 815 2257 ista
828 2199 872 2256 vis
885 2217 988 2256 evanu-

145 2278 186 2338 itt
226 2279 275 2336 An
292 2287 447 2358 postquam
463 2280 595 2337 homiues
610 2279 707 2336 minus
724 2279 831 2337 creduli
848 2298 909 2337 esse
926 2297 990 2336 coe·

146 2360 267 2435 peruntt
310 2365 375 2417 118.
398 2359 609 2418 Demosthenes
623 2359 748 2436 quidem,
762 2360 811 2436 qui
822 2359 926 2416 abhinc
941 2377 989 2415 au-

146 2457 200 2496 nos
213 2457 304 2516 prope
319 2457 374 2497 coc
388 2439 456 2511 fuit,
468 2440 525 2496 iam
536 2446 599 2496 tum
613 2441 783 2516 φιλιππίζειν
794 2438 932 2514 Pythiam
947 2438 989 2494 di-

147 2517 237 2590 cebat,
249 2518 280 2575 id
294 2525 345 2590 est,
356 2519 437 2595 quasi
447 2538 514 2576 cum
524 2519 662 2596 Philippo
672 2519 774 2576 facere.
813 2518 879 2576 Hoc
891 2531 989 2575 autem
1099 2527 1100 2578 l

147 2616 181 2654 eo
199 2598 355 2674 spectabat,
370 2604 404 2655 ut
420 2617 483 2655 cam
500 2618 517 2656 a
533 2599 671 2676 Philippo
691 2605 855 2674 corruptam
872 2597 987 2655 diceret.
1099 2621 1100 2670 ι

147 2675 212 2744 Quo
226 2677 293 2736 licet
307 2677 468 2736 existimare
482 2678 512 2735 in
526 2678 589 2736 aliis
603 2697 717 2756 quoquo
735 2677 855 2735 oraculis
869 2676 991 2754 Delphi-

147 2756 187 2814 cis
202 2755 310 2833 aliquid
324 2775 383 2814 non
398 2757 498 2815 sinceri
509 2758 605 2816 fuisse.
648 2758 705 2816 Sed
716 2757 812 2816 nescio
827 2776 884 2834 quo
898 2755 990 2813 modo

147 2835 196 2893 isti
209 2835 376 2913 philosophi
391 2836 581 2912 superstitiosi
595 2845 624 2896 et
637 2857 728 2913 paene
741 2837 860 2895 fanatici
875 2835 991 2914 quidvis

147 2915 231 2972 malle
245 2914 378 2973 videntur
390 2934 475 2992 quam
490 2936 519 2974 sc
533 2935 592 2974 non
603 2918 724 2994 ineptos.
762 2917 918 2975 Evanuisse
931 2934 992 2972 ma·

148 2993 233 3060 vultis
250 3001 280 3054 et
296 2995 469 3052 exstinctum
490 3015 550 3054 esse
567 2995 606 3066 id,
622 2997 709 3072 quod,
725 2997 749 3054 si
765 3015 903 3074 umquam
920 2996 991 3053 fuis-

148 3079 199 3144 set,
215 3080 289 3131 certe
312 3082 459 3132 aeternum
482 3083 564 3144 esset,
581 3095 666 3151 quam
689 3095 730 3148 ea,
746 3094 818 3153 quae
840 3095 900 3134 non
923 3081 990 3134 sunt

148 3152 295 3221 credenda,
308 3172 365 3210 non
381 3153 501 3211 credere.
