2220 3432
131 91 163 136 ‘20
350 87 400 136 DE
416 87 566 136 NATURA
583 86 741 136 DEORUM.

131 190 255 246 formam
276 197 306 246 ct
326 189 415 246 vitam
437 196 466 247 44
486 190 629 247 actionem
649 190 755 247 mentis
776 196 862 267 atquc
883 192 971 268 agita·

131 271 239 327 tionem
254 269 285 326 in
299 270 363 327 deo.

171 349 286 408 XVIII.
329 355 376 408 46.
399 350 444 407 Ac
459 351 495 408 da
509 351 604 407 forma
618 349 734 428 quidem
749 350 855 427 partim
869 357 972 408 natura

131 450 184 487 nos
198 430 343 501 admonet,
353 431 459 506 partim
474 431 546 488 ratio
560 430 652 487 docet.
695 429 770 487 Nam
785 437 914 488 anatum
923 431 972 488 ha·

130 509 232 567 bemus
243 529 343 567 omnes
354 511 484 567 omnium
495 510 625 584 gentium
637 510 759 585 speciem
769 509 876 566 nullam
886 510 971 567 aliam

131 590 187 647 nisi
204 589 358 647 humanam
376 590 503 646 deorum.
546 588 625 656 Quae
646 590 722 646 enim
740 590 834 646 forma
855 589 910 647 alia
926 610 972 647 oc·

131 670 220 726 currit
231 689 367 746 umquam
382 677 432 726 aut
442 668 573 745 vigilanti
587 669 720 746 cuiquam
734 675 784 726 aut
798 670 972 728 dormientil

132 749 198 820 Sod,
214 770 250 806 ne
268 751 364 807 onmia
380 756 548 806 revocentur
564 748 601 805 ad
616 749 724 824 primas
741 749 881 820 notioneS,
897 751 971 806 ratio

132 829 188 887 lroc
212 830 290 888 idem
313 831 377 907 ipsa
399 827 529 886 declarat.
572 828 619 885 47.
642 828 717 886 Nam
740 848 806 886 cum
829 837 972 905 praestan-

132 910 272 966 tissimam
294 917 434 980 naturam,
447 909 491 966 vel
509 908 576 985 quia
591 908 675 966 beata
692 916 734 966 est
752 908 795 966 rel
813 909 880 985 quia
900 929 972 966 scm·

133 990 253 1065 piterna,
269 990 419 1047 convenire
436 989 566 1046 videatur
595 989 715 1046 eandem
738 1009 798 1048 osse
819 989 973 1064 pulcherri-

133 1088 219 1139 mam,
232 1089 304 1146 quae
318 1069 490 1146 compositio
505 1068 708 1139 membrorum,
724 1087 796 1145 quae
811 1068 972 1126 conforma·

133 1149 175 1205 tio
190 1149 436 1219 lineamentorum
446 1168 517 1227 quae
532 1148 630 1225 figura,
642 1167 713 1225 quae
728 1147 836 1224 species
847 1147 972 1205 humana

132 1237 230 1306 potest
244 1249 303 1286 4444
318 1228 480 1306 pulchriorl
511 1229 573 1287 Vos
588 1229 713 1306 quidem,
724 1228 824 1300 Lucili,
834 1227 972 1285 soletis-

133 1329 200 1366 uam
222 1309 309 1366 Cotta
329 1329 409 1366 meus
432 1309 518 1366 modo
542 1308 605 1380 hoc,
621 1308 709 1366 modo
730 1307 909 1365 illud-cum
930 1327 971 1364 ar·

132 1389 253 1447 cilicium
277 1388 412 1466 effingitis
434 1389 628 1466 fabricamque
653 1388 789 1458 diuinam,
806 1407 891 1465 quarn
914 1389 971 1446 sint

132 1471 230 1528 omnia
247 1470 276 1526 iu
294 1469 419 1527 hominis
433 1469 524 1562 figura
540 1488 599 1526 non
615 1468 756 1525 modoad
770 1487 861 1535 usum,
872 1487 970 1525 verum

131 1552 220 1609 etiam
237 1551 274 1608 ad
288 1557 420 1608 vtenusta
421 1569 467 1607 cm
484 1541 552 1626 apta
568 1548 734 1606 describere.
778 1553 824 1604 48.
843 1547 968 1615 Quod
948 1568 972 1605 44

133 1631 263 1688 omnium
280 1631 469 1687 aalmantium
483 1629 607 1686 formam
623 1628 713 1686 vincit
729 1627 855 1685 hominis
872 1626 970 1704 figura,

133 1711 203 1768 dcus
220 1718 316 1768 autem
334 1710 464 1767 animans
478 1716 528 1779 444,
545 1727 578 1766 ca
591 1709 683 1784 figura
696 1708 827 1785 profecto
843 1716 886 1765 cst
900 1727 972 1784 quae

131 1789 323 1867 pulcherrima
340 1797 383 1847 cst
400 1789 538 1858 44441444,
555 1789 748 1865 quoniamque
762 1788 832 1846 deos
846 1787 973 1845 beatissi-

132 1890 196 1927 mos
223 1889 283 1928 4444
307 1877 428 1941 constat
449 1868 550 1926 beatus
574 1876 672 1927 autem
696 1888 757 1926 4444
782 1869 842 1925 4144
866 1869 972 1926 virtute

132 1969 217 2008 nemo
242 1957 338 2027 potest
359 1969 411 2007 nec
433 1949 522 2006 virtus
547 1949 607 2006 sine
632 1950 742 2007 ratione
764 1956 894 2006 constare
919 1968 972 2005 444

132 2031 206 2088 ratio
223 2049 343 2106 usquam
361 2030 451 2087 inesse
469 2029 523 2086 nisi
541 2029 571 2086 14
588 2029 714 2088 hominis
731 2027 830 2105 figura,
847 2028 973 2085 hominis

132 2130 192 2168 csse
207 2110 300 2187 specio
315 2110 384 2166 deos
398 2109 593 2167 confitendum
608 2117 659 2167 444.
696 2114 742 2167 49.
759 2108 820 2166 Ν44
831 2116 929 2166 tamen
940 2127 973 2164 ea

133 2191 239 2267 species
251 2209 354 2266 corpus
365 2197 416 2261 444,
427 2189 476 2246 scd
487 2190 566 2267 quasi
576 2209 687 2267 corpuS,
698 2208 751 2246 nec
762 2187 849 2246 babet
861 2187 973 2264 sangui-

132 2291 207 2341 nem,
223 2269 273 2327 sed
288 2270 367 2347 quasi
382 2270 558 2362 sanguinem.
601 2270 684 2326 XIX.
702 2269 783 2326 Haec
799 2287 972 2346 quamquam

131 2359 161 2408 t
173 2351 288 2408 rnventa
302 2357 368 2408 sunt
382 2351 494 2407 acutius
508 2356 537 2406 44
525 2349 628 2406 tdicta
642 2348 708 2406 subt
706 2348 775 2405 ilius
789 2348 825 2406 ab
836 2349 970 2440 Epicure,

133 2450 218 2508 quam
233 2437 266 2488 ut
280 2431 373 2509 quivis
387 2450 421 2488 ea
433 2429 525 2507 possit
539 2448 699 2506 agnoscere,
715 2435 811 2487 tamen
826 2428 938 2486 444444Ι
931 2448 973 2485 44-

132 2510 276 2588 tellegent
256 2517 296 2568 444
316 2518 375 2568 vost
376 2530 407 2567 ra
364 2511 533 2568 tdissero
555 2510 667 2566 brevius
689 2528 775 2586 quam
796 2528 881 2566 causa
901 2508 973 2565 desi·

131 2592 220 2650 derat.
263 2591 404 2668 Epicurus
420 2597 525 2660 autern,
542 2590 592 2668 qui
609 2609 652 2648 rcs
670 2589 763 2647 occult
752 2599 795 2646 tas
812 2595 841 2646 44
857 2588 972 2679 penitus

132 2671 244 2729 abditas
258 2690 316 2728 non
331 2671 419 2727 modo
435 2670 544 2727 viderat
558 2671 663 2762 animo,
680 2670 773 2728 scdt
745 2676 773 2726 et
775 2670 832 2726 iam
847 2669 888 2725 414
902 2674 973 2725 trac-

133 2759 231 2823 tatut
199 2770 347 2842 umauu,
363 2750 448 2808 docet
468 2769 531 2807 eam
552 2770 612 2808 esse
629 2751 686 2807 vim
708 2759 738 2808 44
758 2757 889 2806 naturam
906 2747 973 2804 deo-

133 2851 205 2901 rum,
221 2839 254 2889 44
267 2832 393 2908 primum
407 2850 467 2887 non
481 2849 573 2901 sensu,
589 2831 639 2888 sed
653 2837 750 2889 mente
752 2835 903 2967 tcernatur,
919 2845 972 2884 nec

133 2910 277 2968 soliditate
292 2910 414 2987 quadarn
433 2929 509 2967 444
503 2910 540 2966 ad
557 2930 749 2981 numerumn
752 2917 821 2979 444,
838 2927 910 2985 quae
924 2907 972 2964 ille

133 2998 220 3066 propt
222 3010 251 3047 er
208 2989 380 3047 fitrmitt
337 2997 427 3047 tatem
438 2992 580 3066 στερέμνια
594 2991 726 3068 appellat,
706 2990 787 3047 tscd
799 2987 972 3064 imaginibus

134 3069 320 3127 similitudiue
346 3077 375 3126 et
396 3071 565 3127 transitione
587 3071 745 3147 perceptis:
771 3088 837 3126 cum
860 3067 972 3125 Infinita

134 3149 369 3206 siurilliruaruru
362 3150 521 3224 unagiuum
543 3151 649 3227 speclea
666 3170 700 3207 ex
717 3147 972 3206 Innumerabilibus
