2224 3446
137 127 186 174 224
398 123 448 172 DE
464 122 715 174 DIVINATIONE.

138 226 256 284 sublata
290 225 329 284 Et
340 225 457 303 quidem
467 224 514 282 ille
529 225 650 296 dicebat,
661 225 685 283 si
697 225 811 302 quando
825 245 885 283 rem
897 243 981 303 agere

137 305 229 376 vellet,
242 325 278 362 ne
294 305 482 382 impediretur
498 305 640 380 auspiciis,
653 305 753 362 lectica
770 311 870 381 operta
885 306 981 363 facere

137 386 191 442 iter
212 404 242 442 se
263 384 360 442 solere.
406 385 484 441 Huic
505 384 597 441 simile
618 391 670 456 est,
686 385 765 461 quod
785 403 838 440 nos
859 403 982 462 augures

136 465 335 541 praecipimus,
346 483 382 522 ne
396 465 462 541 iuge
477 464 636 540 auspicium
652 463 794 536 obveniat,
805 471 838 522 ut
851 465 983 522 iumenta

136 544 255 602 iubeant
269 544 425 620 diiungere.
469 545 514 601 78.
538 542 615 611 Quid
630 551 673 601 est
686 543 765 601 alind
779 544 854 602 nolle
867 545 982 612 moneri

136 643 154 681 a
170 623 238 681 Iove
258 625 314 681 nisi
335 623 444 682 efficere
465 630 498 680 nt
514 633 564 681 aut
580 643 617 681 ne
633 623 694 682 fieri
710 625 803 701 possit
818 625 982 701 auspicium

136 711 194 774 aut,
207 705 230 760 si
244 703 302 774 fiat,
313 704 421 761 viderit

176 783 336 841 XXXVII.
356 783 431 840 Nam
453 783 524 839 illud
545 783 702 841 admodum
722 783 884 856 ridiculum,
900 784 982 860 quod

136 881 224 938 negas
244 862 415 920 Deiotarum
440 863 641 939 auspiciorum,
658 883 730 940 quae
754 863 810 920 sibi
833 863 870 921 ad
894 864 982 921 Pom·

136 943 232 1018 poium
251 941 443 1018 proficiscenti
459 943 537 1000 facta
554 943 620 1014 sint,
633 944 787 1020 poenitere,
800 943 879 1021 qnod
892 943 981 1000 fidem

136 1029 249 1079 secutus
258 1023 477 1158 amicitiamque
491 1022 593 1100 populi
603 1023 727 1080 Romani
741 1024 858 1081 functus
873 1024 911 1080 sit
922 1023 983 1080 offi-

136 1101 198 1160 cio:
220 1102 411 1178 antiquiorem
423 1103 500 1160 enim
515 1103 570 1160 sibi
584 1104 673 1160 fuisse
687 1103 801 1161 laudern
815 1111 845 1160 et
858 1103 981 1195 gloriam

137 1201 223 1258 quam
244 1201 364 1258 regnum
385 1189 415 1240 et
432 1183 625 1276 possessiones
645 1203 717 1241 suas
760 1183 854 1240 Credo
871 1183 902 1241 id
919 1184 982 1260 qui·

136 1263 211 1334 dem,
224 1262 274 1319 scd
290 1262 363 1319 nihil
381 1263 418 1320 ad
432 1263 565 1340 auspicia.
608 1263 669 1320 Nec
686 1263 764 1320 enim
780 1263 807 1320 ei
821 1263 920 1320 cornix
937 1283 983 1320 ca·

136 1361 203 1400 nere
220 1342 316 1419 potuit
338 1350 414 1401 recte
436 1363 502 1400 eum
522 1344 625 1414 facere,
641 1344 720 1420 quod
736 1343 838 1420 populi
854 1342 981 1399 Romani

136 1421 359 1480 libertatemf
309 1424 359 1481 def
360 1423 463 1480 endere
473 1430 584 1501 pararet
583 1462 593 1480 ·.
628 1423 693 1500 Ipse
704 1423 760 1480 hoc
771 1442 820 1480 sen
822 1422 950 1493 tiebat,
929 1442 982 1480 sic-

137 1503 180 1560 uti
198 1504 293 1560 sensit.
338 1503 354 1560 7
359 1509 384 1561 9.
402 1503 480 1560 Aves
498 1511 615 1560 eventus
633 1502 796 1580 significant
815 1509 865 1560 aut
883 1503 981 1559 adver-

137 1601 183 1638 sos
197 1590 247 1640 aut
262 1583 417 1640 secundos:
438 1583 554 1640 virtutis
567 1582 702 1660 auspiciis
716 1583 801 1640 video
818 1602 878 1640 esse
895 1601 981 1639 usum

136 1661 315 1733 Deiotarum,
328 1682 400 1739 quae
415 1669 492 1719 vetat
506 1669 633 1738 spectare
647 1663 803 1734 fortunam,
816 1662 884 1719 dum
900 1681 981 1738 prae-

137 1749 228 1798 stetur
244 1741 322 1799 fides.
365 1742 442 1799 Aves
456 1761 532 1813 vero,
545 1743 569 1799 si
583 1761 734 1820 prosperos
751 1749 869 1800 eventus
886 1749 981 1798 osten-

137 1822 249 1893 derunt,
261 1827 337 1878 certe
351 1822 524 1880 fefellerunt.
560 1822 676 1898 Fugite
690 1822 800 1900 proelio
814 1841 880 1880 cum
894 1821 982 1878 Pom·

136 1902 210 1978 peio.
253 1901 345 1958 Grave
366 1909 488 1978 tempus.
534 1901 674 1960 Discessit
694 1902 730 1959 ab
751 1921 794 1960 eo.
837 1901 982 1959 Luctuosa

136 2001 188 2038 res.
231 1980 381 2038 Gaesarem
397 1981 498 2039 eodem
514 1986 644 2059 tempore
660 1981 773 2040 hostem
791 1988 820 2040 et
833 1981 980 2058 hospitem

136 2061 216 2118 vidit.
260 2061 337 2129 Quid
355 2060 411 2118 hoe
432 2061 561 2119 tristiusl
601 2061 631 2118 ls
651 2081 717 2119 cum
738 2062 766 2119 ei
786 2061 980 2138 Trogmorum

136 2140 317 2198 tetrarchiam
342 2141 492 2218 eripuisset
514 2148 543 2199 et
559 2141 706 2199 adseculae
727 2161 778 2199 suo
800 2142 980 2218 Pergameno

136 2222 232 2278 nescio
254 2221 300 2278 cui
317 2221 443 2279 dedisset
459 2221 609 2298 eidemque
626 2221 795 2280 detraxisset
811 2221 980 2279 Armeniam

136 2320 153 2357 a
168 2307 267 2358 senatu
282 2301 379 2358 datam
396 2321 518 2378 cumque
533 2301 568 2358 ab
584 2321 617 2358 eo
631 2301 915 2378 magnificentissimo
930 2300 981 2357 ho·

137 2381 223 2458 spitio
241 2388 374 2457 acceptus
391 2388 473 2451 osset,
485 2381 639 2458 spoliatum
656 2382 772 2459 reliquit
789 2390 819 2440 et
834 2381 980 2457 hospitem

136 2469 166 2518 et
179 2479 284 2537 regem.
327 2459 384 2518 Sed
398 2460 478 2517 labor
492 2461 621 2536 longius:
643 2462 680 2518 ad
694 2462 875 2538 propositum
889 2479 980 2517 rever-

136 2548 187 2598 tar.
230 2540 261 2597 Si
276 2549 377 2598 eventa
394 2540 565 2617 quaerimus,
577 2559 649 2617 quae
666 2542 854 2618 exquiruntur
869 2539 979 2611 avibus,

136 2619 215 2676 nullo
232 2619 320 2677 modo
337 2639 473 2697 prospera
489 2619 645 2677 Deiotaro:
667 2619 711 2676 sin
728 2619 829 2689 officia,
842 2639 859 2677 a
872 2619 980 2677 vlrtute

136 2700 234 2775 ipsine,
244 2719 303 2756 non
314 2698 350 2756 ab
362 2699 495 2776 auspiciis
506 2699 598 2776 petita
612 2706 686 2757 sunt.
720 2699 896 2758 XXXVIII.
931 2705 978 2758 80.

136 2778 247 2836 Omitte
264 2779 353 2854 igitur
373 2779 478 2836 lituum
495 2779 621 2851 Romuli,
635 2799 718 2856 quem
738 2780 768 2837 in
789 2779 916 2837 maximo
936 2779 980 2836 in·

136 2857 238 2915 cendio
262 2876 349 2934 negas
374 2859 502 2934 potuisse
526 2859 675 2916 comburi:
707 2866 859 2917 contemne
883 2866 980 2916 cotem

136 2936 202 2993 Atti
221 2936 314 2994 Navii.
357 2937 438 2994 Nihil
457 2938 543 2996 debet
564 2958 624 2995 esse
648 2939 678 2995 in
699 2939 884 3016 philosophia
903 2957 981 2996 eom-

136 3016 279 3072 menticiis
295 3016 407 3074 fabellis
424 3017 487 3076 loci.
531 3017 606 3074 Illud
627 3025 686 3075 erat
703 3018 877 3094 philosophi,
889 3019 981 3076 totius

138 3095 247 3168 augurii
262 3095 387 3171 primum
402 3104 532 3154 naturam
547 3097 639 3171 ipsam
650 3097 755 3167 videre,
765 3097 869 3154 deinde
883 3098 981 3154 inven-

170 3191 254 3241 mem,
265 3174 368 3232 deinde
383 3176 581 3233 constantiam.
624 3175 703 3243 Quae
718 3184 761 3233 est
776 3176 864 3251 igitur
878 3184 981 3234 natura
