2242 3436
137 49 183 94 11ss
357 45 407 94 Du
424 44 574 94 NATURA
590 45 751 95 DEORUM.

136 146 251 206 calluit:
281 145 306 202 is
328 146 434 221 igitur:
465 146 516 202 “si
537 145 646 223 aliquid
668 153 711 202 est
720 145 736 171 ’'
755 146 850 222 inquit
872 146 978 224 fi‘quod

135 226 224 283 homo
249 225 357 282 efficere
379 245 436 282 non
458 226 557 302 possit,
577 226 626 302 qui
647 226 678 283 id
699 224 793 295 efficit,
812 226 913 283 melior
934 235 978 284 est

136 306 260 363 homine.
303 306 402 362 Homo
425 315 520 362 autom
537 305 615 375 haec,
632 324 703 382 quae
721 305 751 362 in
768 305 878 364 mundo
900 314 977 380 sunt,

136 386 245 444 efficere
259 405 317 442 non
332 392 444 462 potest:
467 385 516 462 qui
530 385 627 462 potuit
641 386 736 461 igitur,
749 385 774 441 is
788 393 913 464 praestat
927 387 978 444 bo

135 467 215 523 mini.
264 465 388 522 Homini
415 472 511 522 autern
539 472 682 542 praestare
710 465 774 542 quis
801 466 894 541 possit
921 467 978 524 nisi

135 546 224 603 deuel
264 545 317 602 Est
341 545 430 622 igitur
453 543 550 602 dens.'’
592 545 674 602 Haec
698 545 795 603 omnia
818 546 848 602 in
874 546 975 604 eodem

136 645 193 703 quo
214 624 262 682 illa
278 624 401 682 Zenonis
422 643 515 681 errore
536 631 691 682 versantur.
734 631 781 682 26.
804 624 881 693 Quid
898 626 977 683 eninr

135 707 173 762 sit
191 705 300 775 melina,
317 705 386 781 quid
401 703 607 780 praestabilius,
624 704 693 780 quid
708 704 782 761 inter
799 714 930 762 naturam
947 713 977 763 et

135 786 275 842 rationem
292 784 405 841 intersit
423 802 483 841 non
503 783 699 860 distinguitur.
741 783 888 861 Idemque,
904 785 928 842 si
945 785 976 842 di

135 884 192 921 non
205 865 270 935 sint,
281 872 367 940 negat
378 883 438 922 esse
449 864 479 920 in
491 865 570 921 omni
579 871 681 921 natura
691 863 843 940 quicquam
858 864 976 922 homine

135 944 245 1014 melius,
261 944 292 1001 id
308 953 404 1001 autem
421 951 521 1020 putare
540 962 711 1020 quemquam
730 942 887 1014 hominem,
903 943 977 1000 nihil

135 1023 253 1081 homine
267 1043 327 1082 esse
338 1024 448 1094 melius,
461 1043 588 1080 summae
602 1023 786 1100 adrogantiae
797 1030 894 1080 censet
905 1042 975 1081 esse.

135 1104 180 1161 Sit
197 1124 263 1161 sane
274 1104 446 1181 ,adrogantis
459 1104 549 1180 pluris
563 1123 593 1160 se
607 1110 707 1180 putare
722 1122 808 1179 quam
822 1102 975 1160 mundum.

134 1184 176 1242 At
187 1184 258 1241 illud
268 1203 326 1241 non
338 1183 425 1241 modo
435 1203 493 1240 non
505 1183 678 1260 adrogantis,
689 1183 738 1240 sed
746 1182 845 1259 potius
853 1183 978 1260 pruden-

134 1265 180 1334 tia,
196 1264 361 1341 intellegere
378 1283 408 1321 se
424 1262 527 1321 habere
545 1282 659 1320 sensum
676 1270 706 1319 et
722 1263 879 1320 rationem:
904 1262 977 1320 haec

133 1345 234 1402 cadem
248 1344 385 1403 Orionem
400 1351 430 1401 et
442 1343 609 1400 Caniculam
623 1361 681 1399 non
696 1341 808 1400 habere.
850 1342 903 1400 Et:
923 1343 977 1400 “si

133 1425 237 1482 domus
248 1424 366 1501 pulchra
377 1424 422 1494 sit,
434 1423 632 1500 intellegamus
644 1442 704 1480 eam
718 1421 866 1478 dominis'’
879 1423 977 1499 inquit

134 1503 336 1562 “aedificatam
353 1523 421 1574 esse,
437 1522 496 1560 non
509 1502 655 1560 muribus:
677 1502 717 1559 sic
731 1502 819 1578 igitur
832 1503 976 1560 mundum

132 1584 252 1642 deorum
272 1585 391 1641 domum
409 1583 570 1640 existimare
591 1582 755 1640 debemus.''
797 1582 843 1639 Ita
859 1602 976 1659 prorsus

133 1665 335 1735 existimarem,
351 1665 375 1720 si
389 1663 468 1721 illum
484 1662 664 1721 aedificatum
680 1681 747 1733 esse,
760 1681 827 1734 non,
840 1663 976 1740 quemad

133 1745 253 1801 modum
267 1742 386 1814 docebo,
399 1763 415 1800 a
426 1749 527 1800 natura
540 1742 753 1800 conformatum
768 1751 907 1819 putarem.

173 1823 225 1881 XI.
270 1824 317 1880 27.
343 1823 385 1880 At
409 1823 486 1880 enim
511 1823 622 1900 quaerit
645 1822 723 1899 apud
747 1821 975 1900 Xenophontem

132 1903 264 1961 Socrates
285 1903 361 1960 unde
383 1903 511 1959 animum
528 1903 745 1979 adripuerimus,
761 1903 785 1958 si
801 1902 896 1959 nullus
913 1904 976 1962 fue-

132 1985 170 2040 rit
184 1983 342 2040 inmundo.
385 1982 423 2040 Et
438 2001 491 2059 ego
507 2001 611 2059 quaero
628 1982 703 2040 unde
718 1982 886 2054 orationem,
896 1984 975 2041 unde

132 2083 274 2134 numeros,
291 2063 367 2120 unde
384 2070 492 2120 cantus.
535 2062 599 2119 Nisi
615 2081 682 2119 vero
699 2062 779 2139 loqui
796 2062 885 2120 solem
906 2083 975 2120 cum

132 2143 200 2201 luna
219 2150 363 2220 putamus,
382 2162 445 2199 eum
463 2142 596 2219 proprius
617 2143 774 2213 accesserit,
791 2142 895 2200 autad
912 2142 975 2200 har-

132 2223 260 2280 moniam
281 2242 381 2280 eanere
401 2223 551 2294 mundum,
567 2229 600 2280 ut
616 2221 798 2299 Pythagoras
818 2222 973 2281 existimat

132 2303 257 2360 Naturae
274 2303 418 2373 istasunt,
431 2301 529 2373 Balbe,
542 2309 659 2360 naturae
674 2322 731 2359 non
746 2301 898 2360 artificiose
915 2323 976 2360 am-

131 2382 265 2454 bulantis,
280 2391 314 2441 ut
330 2383 372 2440 ait
386 2382 472 2453 Zeno,
485 2382 563 2460 quod
579 2383 695 2460 quidem
711 2382 793 2459 quale
810 2383 848 2439 sit
862 2383 920 2439 iam
935 2384 976 2440 vi-

79 2495 84 2505 ·
131 2463 271 2534 debimus,
288 2463 338 2520 sed
355 2463 453 2520 omnia
473 2463 575 2520 cientis
591 2469 621 2519 et
638 2463 774 2538 agitantis
794 2462 923 2520 motibus
944 2471 976 2522 et

130 2542 340 2600 mutationibus
369 2542 435 2600 suis.
478 2549 524 2600 28.
548 2542 649 2619 Itaque
673 2542 721 2599 illa
745 2542 818 2599 mihi
842 2542 975 2620 placebat

131 2624 223 2680 oratio
246 2623 282 2680 de
307 2622 506 2679 convenientia
527 2641 724 2699 consensuque
744 2630 870 2692 naturae,
886 2641 975 2699 quam

132 2703 213 2778 quasi
236 2703 409 2779 cognatione
436 2702 633 2759 continuatam
661 2703 824 2779 conspirare
849 2702 973 2761 dicebas.

131 2781 208 2840 illud
222 2802 280 2839 non
294 2781 461 2859 probabam,
477 2781 555 2858 quod
569 2780 693 2858 negabas
707 2783 738 2840 id
752 2782 879 2840 accidere
889 2789 976 2860 potu·

131 2861 195 2931 isse,
213 2863 268 2918 nisi
289 2881 322 2919 ea
343 2881 400 2918 uno
422 2862 520 2918 divino
542 2862 644 2938 spiritu
665 2864 867 2920 contineretur.
920 2862 976 2920 llla

132 2960 199 2996 vero
229 2941 362 2999 cohaeret
391 2948 422 2998 et
448 2949 596 3018 permanet
623 2949 741 3000 naturae
773 2942 887 3014 viribus,
913 2962 974 3001 non

133 3019 261 3089 deorum,
283 3028 381 3097 estque
405 3022 434 3076 in
460 3041 493 3078 oa
516 3022 570 3078 iste
598 3023 678 3097 quasi
702 3041 865 3092 consensus
886 3042 974 3098 quam

133 3100 307 3173 συμπάθειαν
331 3101 432 3157 Graeci
453 3107 564 3171 vocant,
582 3101 632 3158 sed
653 3121 694 3173 aa,
713 3122 770 3179 quo
798 3121 850 3159 sua
869 3111 975 3179 sponte
