2220 3432
127 107 160 154 60
347 102 397 150 ΒΕ
415 101 566 150 NATURA
582 100 743 151 DEORUM.

126 211 266 275 naturam,
278 222 350 281 quae
365 223 464 261 onrnes
477 223 522 260 res
537 203 575 260 sit
588 202 745 280 complexa,
755 221 814 259 non
829 203 971 280 optimam

127 285 193 356 dici,
209 290 266 355 aut,
283 304 348 341 cum
370 284 408 341 sit
429 283 548 361 optima,
566 302 624 340 non
646 283 773 360 primum
794 283 972 341 animantem

127 385 195 434 esse,
208 364 312 422 deinde
329 364 449 422 rationis
466 371 496 420 et
509 363 622 420 consilii
637 369 810 441 compotem,
823 370 971 439 postremo

127 445 304 522 sapientem?
337 443 393 512 Qui
403 444 480 515 enim
489 449 585 519 potest
594 443 676 500 aliter
684 462 744 500 esse
754 443 881 520 optimal
916 443 973 501 Ne·

127 545 182 602 que
197 525 283 595 euim,
294 524 317 581 si
328 524 461 601 stirpium
477 522 577 581 similis
591 523 629 580 sit
643 530 693 580 aut
707 523 793 581 etiam
805 522 970 595 bestiarum,

127 606 238 682 optima
252 604 380 681 putanda
394 605 432 661 sit
445 604 543 679 potius
558 622 643 680 quarn
657 603 819 673 deterrima,
830 621 969 674 necuere,

127 687 151 742 si
166 685 284 742 rationis
298 684 441 761 particeps
458 684 496 740 sit
509 702 562 740 nec
579 683 617 740 sit
630 689 727 740 temen
741 702 758 740 a
771 682 914 759 principio
929 703 972 739 sa-

127 767 217 842 piens,
233 783 291 821 non
313 765 351 821 sit
367 764 492 821 deterior
507 763 611 820 mundi
627 763 725 839 potius
742 781 827 839 quam
845 761 972 820 humana

127 844 276 902 condicio:
298 843 387 901 horno
409 844 486 901 enim
507 843 621 920 sapiens
641 841 703 900 fieri
724 849 828 919 potest,
844 842 971 899 mundus

128 932 233 994 autem,
249 925 273 981 si
290 924 320 981 iu
341 931 456 981 aeterno
478 923 625 1000 praeteriti
641 923 780 999 temporis
801 922 895 998 spatio
912 923 972 980 fuit

127 1005 274 1082 insipiens,
291 1023 449 1081 numquam
471 1004 603 1080 profecto
624 1003 794 1079 sapientiam
817 1021 972 1080 conseque-

128 1092 192 1142 tur:
213 1084 255 1140 ita
269 1084 322 1142 erit
333 1082 451 1141 homine
462 1083 592 1141 deterior.
628 1081 714 1150 Quod
725 1083 861 1159 quoniam
873 1082 971 1139 absur-

128 1166 198 1222 dum
215 1171 258 1222 est
275 1172 304 1221 et
321 1165 434 1240 sapiens
455 1163 630 1240 apr-incipio
647 1162 773 1220 mundus
790 1169 819 1220 et
836 1162 906 1220 deus
922 1162 972 1220 ha·

129 1244 239 1302 bendus
260 1252 310 1302 est.
360 1245 406 1301 37.
430 1243 530 1320 Neque
551 1244 628 1301 enim
649 1250 693 1300 est
714 1243 870 1320 quidquam
893 1242 972 1299 aliud

128 1331 241 1402 praeter
260 1324 410 1395 mundum,
428 1323 474 1380 cui
495 1323 567 1380 nihil
589 1323 663 1380 absit
684 1323 818 1400 quodque
843 1322 972 1399 undique

128 1413 228 1483 aptum
251 1412 337 1481 atque
359 1403 521 1480 perfectum
546 1404 749 1480 expletumque
774 1403 812 1460 sit
834 1403 971 1459 omnibus

129 1485 187 1543 suis
201 1485 327 1542 numeris
341 1492 370 1542 et
380 1483 517 1560 partibus.
552 1483 635 1541 XlV.
651 1483 729 1540 Scite
743 1483 820 1540 enim
835 1481 973 1559 Chrysip-

129 1585 191 1642 pus,
204 1573 237 1623 ut
251 1565 335 1642 clipei
350 1583 433 1622 causa
450 1562 637 1634 involucrum,
650 1563 783 1640 vaginam
800 1570 897 1620 eutem
913 1562 973 1638 gla-

130 1646 179 1716 dii,
193 1646 232 1702 sic
246 1651 359 1722 praeter
372 1644 513 1701 mundum
529 1650 622 1701 cetera
639 1643 736 1710 omnia
752 1643 873 1700 aliorum
888 1661 974 1699 causa

130 1745 190 1784 esse
204 1732 346 1802 generata,
359 1731 392 1781 ut
406 1743 453 1781 eas
467 1725 566 1801 fruges
580 1731 665 1801 atque
679 1723 798 1793 fructus,
811 1741 883 1799 quos
897 1728 974 1778 terra

130 1805 428 1883 gignit,auimautium
438 1823 530 1874 causa,
538 1805 696 1862 animantes
705 1811 801 1861 autem
811 1802 972 1872 hominum,

131 1893 164 1943 ut
185 1904 289 1963 equum
308 1883 430 1942 vehendi
451 1903 543 1954 causa,
559 1884 658 1941 arandi
674 1884 786 1955 horem,
801 1881 926 1940 venandi
943 1889 974 1938 et

131 1965 313 2024 custodiendi
327 1984 435 2022 canem.
477 1963 543 2040 Ipse
560 1970 656 2020 autern
672 1962 761 2020 horno
779 1971 858 2020 ortus
875 1967 918 2020 est
936 1961 975 2018 ad

131 2046 271 2103 mundum
287 2044 541 2121 contemplandum
555 2050 585 2100 et
597 2042 778 2112 imitandum,
790 2043 869 2100 nullo
884 2041 975 2099 modo

132 2121 285 2202 perfectus,
301 2125 352 2182 sed
372 2133 415 2181 est
436 2123 575 2201 quaedam
597 2122 736 2199 particula
752 2122 880 2198 perfecti.
924 2127 972 2178 38.

132 2207 190 2264 Sed
206 2204 339 2276 mundus,
356 2205 490 2281 quoniam
513 2203 610 2260 omnia
630 2200 796 2278 complexus
817 2209 859 2258 est
879 2219 975 2278 neque

133 2293 176 2343 est
201 2285 352 2363 quicquam
368 2284 446 2361 quod
463 2303 522 2340 non
539 2283 608 2339 insit
624 2282 654 2338 in
671 2301 714 2352 eo,
730 2281 875 2357 perfectus
891 2280 977 2336 undi-

134 2386 189 2444 que
206 2372 256 2423 est.
292 2364 348 2432 Qui
362 2364 452 2440 igitur
465 2369 561 2439 potest
575 2363 601 2419 ei
616 2362 713 2419 deesse
727 2362 758 2418 id
775 2361 853 2438 quod
867 2368 910 2418 est
925 2379 978 2436 cp-

133 2446 256 2504 tinruml
297 2443 377 2501 Nihil
395 2450 438 2501 est
455 2450 550 2500 eutem
572 2449 668 2499 mente
686 2449 715 2498 et
731 2441 842 2499 ratione
861 2440 975 2498 melius

133 2527 211 2602 Ergo
226 2525 295 2582 haec
309 2523 419 2580 mundo
435 2523 532 2580 deesse
546 2541 604 2578 non
619 2529 746 2599 possunt.
789 2520 870 2578 Bene
884 2521 978 2596 igitur

133 2607 209 2664 idem
225 2604 413 2682 Chrysippus,
426 2604 476 2680 qui
490 2602 691 2658 similitudines
705 2601 863 2678 adiungens
878 2600 980 2657 omnia

133 2687 164 2742 in
179 2685 313 2762 perfectis
328 2694 357 2741 et
370 2683 491 2741 maturis
505 2683 590 2739 docet
604 2700 663 2738 esse
676 2680 803 2751 meliora,
814 2680 886 2737 utin
901 2698 979 2756 equo

135 2785 220 2841 quarn
232 2765 262 2821 in
277 2764 383 2835 eculeo,
392 2764 423 2820 in
437 2782 506 2819 cane
518 2781 603 2838 quarn
614 2761 644 2817 iu
659 2760 762 2832 catulo,
772 2761 802 2817 in
813 2761 874 2817 viro
890 2779 979 2836 quarn

136 2846 166 2901 in
181 2864 278 2920 puero,
288 2845 367 2914 item,
379 2843 457 2920 quod
467 2843 496 2898 in
513 2843 593 2899 omni
606 2841 715 2899 mundo
730 2841 874 2918 optimum
889 2839 936 2910 sit,
946 2839 981 2896 id

136 2924 166 2980 in
185 2924 312 2999 perfecto
330 2924 425 3000 aliquo
443 2929 529 2999 atque
546 2921 677 2978 absoluto
697 2941 757 2979 esse
774 2921 884 2978 debere.
906 2941 910 2950 ·
929 2925 979 2976 39.

138 3002 191 3058 Est
208 3010 302 3059 autem
320 3002 391 3060 nihil
408 3003 518 3060 mundo
535 3002 698 3078 perfectius,
710 3001 783 3059 nihil
799 3001 903 3058 virtute
921 3017 983 3055 rne-

139 3080 210 3136 lius:
232 3082 320 3156 igitur
333 3083 435 3139 mundi
450 3089 493 3140 est
506 3083 623 3160 propria
636 3082 734 3139 virtus.
773 3081 833 3138 Nec
848 3098 914 3136 vero
929 3077 984 3135 ho-

141 3159 227 3216 minis
240 3168 341 3217 natura
354 3162 482 3237 perlecta
495 3169 546 3234 est,
557 3169 587 3220 et
597 3160 718 3220 efficitur
731 3168 827 3220 tamen
841 3161 872 3217 in
887 3157 985 3216 horni-
