2242 3436
109 115 157 162 150
368 113 418 160 Du
435 113 688 162 DIVINATIONE.

108 224 193 290 q‘uam
208 213 312 271 habcat
326 213 384 270 vim
400 220 429 270 et
444 213 525 290 quale
540 213 585 271 sit.
628 215 691 290 Ego
707 215 784 271 enirn
802 216 841 272 sic
856 217 952 275 existi-

107 314 165 364 mo,
177 295 201 351 si
223 295 280 351 sint
302 314 335 351 ea
354 313 460 370 genera
480 293 628 351 divinandi
645 313 718 365 vera,
732 294 768 352 de
786 295 890 372 quibus
907 318 952 355 ac-

107 375 236 451 cepimus
254 393 382 451 quaeque
403 374 532 445 colimus,
548 393 608 431 esse
626 374 703 445 deos,
719 375 910 453 vicissimque,
926 379 952 436 si

108 454 138 511 di
153 455 218 524 sint,
231 473 291 511 esse
306 455 356 531 qui
373 453 512 511 divinent.
554 453 606 512 VI.
652 459 697 512 10.
715 455 822 512 Arcem
839 463 870 512 tn
890 459 951 534 qui·

107 535 174 591 dem
189 533 361 604 Stoicorum,
373 534 500 610 inquam,
512 532 628 604 Quinte,
640 534 781 606 defendis
794 535 817 592 si
833 537 951 612 quidem

107 614 163 670 ista
176 614 215 671 sic
229 614 449 690 reciprocantur,
460 620 538 684 utet,
552 614 576 670 si
590 614 729 671 divinatio
741 615 787 685 sit,
800 615 830 672 di
840 616 898 673 sint
912 624 950 688 ct,

108 694 132 750 si
146 693 176 751 di
191 694 256 764 sint,
269 695 307 751 sit
321 693 469 751 divinatio.
505 693 634 762 Quorum
648 701 783 751 neutrum
794 702 853 752 tam
865 696 951 754 facile

108 793 193 851 quam
205 780 237 831 tu
252 773 395 830 arbitraris
409 774 583 831 conceditur.
615 773 692 830 Nam
707 780 735 831 et
749 781 851 832 natura
865 775 952 852 sigui-

107 853 185 910 ficari
205 855 304 911 futura
324 853 385 911 sine
406 854 460 911 deo
476 861 599 931 possunt
620 861 656 924 et,
668 861 702 911 ut
723 855 782 911 sint
798 855 837 926 di,
855 863 951 932 potest

107 932 169 990 fieri
186 932 310 990 utnulla
326 934 362 990 ab
376 934 412 991 iis
429 934 569 991 divinatio
583 934 682 1010 generi
696 933 824 992 humano
841 935 952 992 tributa

108 1013 153 1070 sit.
199 1013 296 1091 Atque
316 1013 381 1072 ille:
406 1013 480 1070 Mihi
501 1033 576 1083 vero,
592 1014 695 1091 inquit,
711 1015 780 1071 satis
803 1022 846 1072 est
868 1035 952 1092 argu-

108 1092 199 1149 menti
213 1099 242 1149 et
256 1113 316 1150 esse
330 1094 399 1152 deos
414 1102 443 1151 et
457 1093 603 1152 consulere
617 1093 701 1151 rebus
714 1093 856 1165 bumaria,
870 1095 951 1172 quod

108 1191 168 1230 esse
190 1172 264 1230 clara
286 1181 315 1231 et
339 1175 490 1252 perspicua
510 1174 696 1231 divinationis
718 1193 822 1251 genera
842 1176 948 1232 iudico.

107 1251 154 1309 Dc
169 1253 272 1330 quibus
286 1253 356 1330 quid
371 1255 431 1331 ipse
449 1254 580 1324 sentiam,
594 1255 617 1310 si
632 1253 734 1331 placet,
745 1274 896 1331 exponam,
908 1256 951 1312 ita

107 1339 212 1402 tamen,
224 1335 247 1389 si
259 1353 340 1391 vacas
353 1336 450 1390 animo
465 1353 557 1410 neque
568 1333 656 1392 habes
670 1334 778 1412 aliquid
793 1336 871 1412 quod
882 1335 950 1393 huic

108 1413 232 1469 sermoni
242 1415 478 1491 praevertendum
487 1422 578 1492 putes.
607 1420 651 1472 11.
664 1415 728 1491 Ego
735 1434 810 1486 vero,
821 1416 949 1492 inquam,

108 1492 315 1570 philosophiae,
328 1493 443 1564 Quinte,
454 1513 566 1570 sempor
576 1514 653 1552 vaco.
690 1495 756 1553 Hoc
771 1503 867 1553 autem
878 1502 950 1552 tern-

107 1592 185 1648 pore,
198 1594 263 1631 cum
279 1575 316 1631 sit
329 1575 402 1631 nihil
416 1574 493 1631 aliud
508 1575 586 1652 quod
597 1574 718 1632 libenter
732 1593 814 1651 agere
828 1576 947 1652 possim,

107 1653 199 1710 multo
211 1655 303 1730 inagis
311 1654 401 1712 haveo
413 1655 511 1712 audire
520 1655 555 1712 de
567 1655 743 1712 divinatione
755 1655 825 1732 quid
834 1657 948 1714 sentiae.

149 1727 238 1804 Nihil,
250 1735 353 1811 inquit,
364 1735 497 1812 equidem
519 1735 587 1792 novi
603 1754 656 1792 nec
678 1735 757 1810 quod
777 1743 890 1811 praeter
906 1755 950 1793 ce-

107 1820 184 1870 teros
200 1813 262 1890 ipse
281 1814 410 1872 sentiam.
461 1814 621 1872 Nemeum
642 1815 870 1892 antiquissimam
888 1835 950 1872 sen-

107 1894 227 1950 tentiam
248 1899 311 1950 tum
333 1895 461 1951 omnium
484 1894 656 1971 populorum
680 1901 709 1952 et
731 1895 861 1970 gentium
883 1915 949 1951 con-

108 1993 191 2030 sensu
212 1973 428 2051 comprobatam
449 1994 558 2051 sequor.
600 1975 668 2031 Duo
691 1982 758 2031 sunt
781 1975 857 2032 enim
878 1975 950 2032 divi·

107 2054 195 2111 nandi
215 2073 327 2130 genera,
338 2074 460 2131 quorum
477 2055 596 2112 alterum
614 2055 682 2112 artis
699 2060 750 2124 est,
763 2054 883 2112 altemm
901 2074 949 2111 na-

107 2141 194 2192 turae.
239 2140 285 2192 12.
308 2134 388 2203 Quae
409 2142 452 2192 est
472 2142 568 2191 autern
590 2153 661 2210 gens
682 2142 731 2191 aut
752 2153 825 2210 quac
845 2135 948 2191 civitas

108 2234 180 2291 quae
201 2234 258 2272 non
281 2223 331 2272 aut
351 2215 521 2292 extispicum
544 2221 594 2272 aut
613 2222 742 2272 monstra
762 2222 812 2271 aut
832 2214 949 2290 fulgura

107 2295 356 2372 interpretantium
373 2303 423 2352 aut
444 2313 584 2371 augurum
602 2301 651 2351 aut
668 2293 878 2370 astrologorum
895 2303 947 2352 aut

108 2375 399 2433 sortium—ea⁰eni1n
420 2375 481 2432 fere
501 2374 570 2431 artis
591 2381 748 2431 sunt—ant
769 2375 947 2430 somniorum

107 2462 156 2512 aut
167 2455 514 2513 vaticinationum—haec
528 2454 605 2511 enim
619 2453 677 2510 duo
691 2453 832 2511 naturalia
845 2460 948 2530 putan-

107 2536 389 2612 tur—praedictione
409 2535 575 2592 moveaturl
619 2533 746 2602 Quarum
768 2534 883 2610 quidem
905 2553 948 2591 re·

107 2635 169 2673 rum
185 2623 286 2673 eventa
299 2615 391 2692 magis
405 2615 526 2672 arbitror
540 2634 626 2691 quam
641 2633 738 2672 causas
753 2615 849 2690 quaeri
864 2633 948 2690 opor·

106 2701 173 2752 tere.
215 2696 268 2752 Est
289 2696 365 2752 enirn
387 2696 429 2750 vis
451 2701 480 2751 et
500 2702 602 2751 natura
622 2694 770 2771 quaedam,
787 2713 859 2770 quae
880 2713 947 2751 cum

107 2773 262 2831 observatis
272 2773 360 2849 longo
370 2781 499 2849 tempore
510 2773 765 2850 significationibus
775 2780 839 2830 tum
849 2773 946 2850 aliquo

107 2852 244 2908 instinctu
258 2852 416 2928 inflatuque
430 2853 528 2909 divino
539 2855 636 2911 futura
650 2855 840 2930 praenuntiat.
875 2853 945 2912 VII.

107 2930 171 2997 Qua
189 2950 219 2986 re
240 2931 356 2987 omittat
372 2951 472 3007 urgere
493 2933 661 3004 Carneadea,
674 2934 752 3010 quod
766 2933 890 2992 faciebat
906 2940 947 2990 et·

107 3009 165 3065 iam
182 3009 335 3066 Panaetius
352 3012 497 3087 requirens
514 3012 681 3089 Iuppiterne
700 3013 843 3071 cornicem
860 3034 877 3071 a
892 3013 948 3070 lae-

107 3107 151 3156 va,
168 3107 284 3143 corvum
306 3089 341 3145 ab
362 3090 462 3147 dextra
482 3111 581 3148 canere
602 3093 737 3150 iussisset.
789 3093 947 3151 Observata

109 3173 176 3222 sunt
197 3166 266 3223 liaeo
288 3173 417 3243 ternpore
439 3170 580 3229 immenso
603 3177 632 3228 et
655 3167 710 3248 [in]
737 3173 947 3249 significatione
