2224 3446
127 110 175 156 266
464 108 513 157 DE
531 109 631 159 FATO.

126 210 221 266 returl
261 207 333 264 Post
349 215 445 265 autem
462 228 546 266 causa
559 209 617 266 luit
630 208 749 286 propior
765 217 872 266 etcum
889 209 969 269 exitu

126 289 257 346 iunctior.
301 288 347 345 37.
373 288 459 346 Ratio
480 289 569 365 igitur
590 296 708 346 eventus
732 290 823 365 aperit
844 309 967 356 caueam.

127 369 184 426 Sed
201 389 234 425 ex
252 368 418 425 aeternitate
433 388 498 426 vera
511 369 569 426 fuit
582 368 653 426 baec
670 369 830 426 enuntiatio
846 370 862 397 “
872 369 970 426 Relin-

126 456 229 524 quetur
242 448 273 504 in
287 448 379 504 insula
396 447 585 518 Philocteta,’'
597 468 649 505 neo
663 448 718 506 hoc
735 468 770 506 ex
788 468 854 506 vero
871 450 901 506 in
916 450 969 506 fal-

126 547 188 584 sum
205 535 318 604 poterat
335 535 506 586 convertere.
549 528 672 586 Necesse
689 535 732 586 est
746 529 823 586 enim
838 529 868 586 in
882 529 968 587 rebus

125 608 274 665 contrariis
288 607 580 665 duabus—contraria
594 616 690 666 autem
702 608 756 666 hoc
768 608 831 666 loco
846 609 966 681 cadiae,

125 707 247 763 quorum
264 688 383 745 alterum
399 688 439 744 ait
454 687 531 764 quid,
544 687 665 745 alterum
679 695 841 765 negat-ex
855 688 900 746 his
915 690 968 765 igi-

124 775 172 824 tur
193 787 305 824 necesse
328 775 371 824 est
387 767 479 826 invito
495 768 622 844 Epicuro
642 767 762 824 alterum
779 787 878 826 verum
895 788 964 840 esse,

124 847 244 904 alterum
260 847 374 917 falsum,
389 854 423 905 ut
440 848 458 875 “
468 847 649 906 Sauciabitur
669 847 858 918 Philocteta,”
874 849 966 905 omni-

123 926 177 984 bus
191 933 257 983 aute
271 927 389 983 saeculis
404 947 502 985 verum
513 928 579 998 fuit,
593 928 610 955 “
620 927 649 984 N
649 947 687 984 on
699 927 872 985 sauciabitur
881 927 897 956 ”
912 928 965 985 fal-

124 1026 195 1063 sum.
237 1005 302 1063 Nisi
322 1007 398 1064 forte
419 1007 551 1065 volumus
568 1007 774 1084 Epicureorum
796 1007 964 1084 opinionem

123 1087 212 1164 sequi,
228 1086 278 1163 qui
300 1086 370 1144 tales
393 1087 605 1145 enuntiationes
627 1108 678 1146 nec
701 1107 780 1145 veras
802 1106 854 1144 nec
876 1087 964 1145 falsas

123 1185 183 1224 esse
203 1166 311 1238 dicunt,
327 1173 385 1238 aut,
401 1186 468 1224 cum
485 1167 516 1224 id
532 1167 631 1244 pudet,
647 1167 718 1225 illud
734 1174 831 1224 tamen
853 1167 962 1239 dicunt,

123 1247 202 1323 quod
222 1253 265 1304 est
287 1247 491 1323 impudentius,
508 1267 587 1304 veras
608 1267 668 1305 esse
690 1267 724 1304 ex
741 1248 890 1305 contrariis
907 1248 964 1304 dis·

122 1327 290 1397 iunctiones,
306 1327 356 1384 scd
373 1327 492 1404 quaein
509 1327 554 1384 his
576 1328 724 1385 enuntiata
744 1335 846 1398 essent,
862 1346 960 1384 eorum

121 1413 254 1464 neutrum
270 1426 330 1464 esse
347 1427 452 1464 verum.
497 1413 542 1465 38.
565 1407 591 1465 Ο
606 1406 802 1464 admirabilem
816 1406 962 1465 licentiam

121 1492 150 1542 et
171 1486 361 1544 miserabilem
381 1487 525 1544 inscitiam
546 1487 719 1545 disserendi!
761 1487 792 1544 Si
814 1488 891 1544 enim
913 1488 962 1544 ali-

121 1566 192 1641 quid
208 1567 238 1623 in
259 1566 419 1643 eloquendo
436 1587 488 1624 nec
504 1586 602 1624 verum
620 1586 672 1624 uec
689 1566 795 1625 falsum
816 1575 867 1638 est,
884 1575 961 1625 certe

120 1646 151 1702 id
165 1665 263 1703 verum
279 1665 339 1703 non
356 1654 406 1705 cst.
450 1646 536 1715 Quod
549 1654 645 1705 autem
660 1666 758 1704 verum
773 1666 831 1704 nou
847 1655 897 1719 est,
911 1648 961 1725 qui

120 1733 216 1802 potest
233 1745 291 1782 non
308 1727 413 1784 falsum
431 1729 509 1785 essct
536 1735 586 1784 aut
604 1727 682 1804 quod
702 1725 807 1784 falsum
828 1747 886 1784 uon
908 1736 960 1798 est,

120 1806 169 1882 qni
193 1813 291 1883 potest
314 1826 373 1863 non
401 1826 499 1864 verum
524 1808 602 1864 essel
646 1806 802 1865 Tenebitur
826 1826 895 1884 ergo
919 1809 959 1878 id,

120 1886 198 1961 quod
212 1906 228 1943 a
243 1885 407 1963 Chrysippo
418 1887 591 1958 defenditur,
605 1906 721 1944 omnem
732 1887 960 1945 enuntiationem

119 1974 169 2022 aut
183 1985 276 2022 veram
292 1974 342 2023 aut
355 1966 457 2023 falsam
472 1985 548 2024 esse:
570 1967 644 2024 ratio
655 1967 718 2044 ipsa
731 1973 815 2044 coget
829 1974 858 2024 et
869 1987 903 2024 ex
917 1987 962 2025 ae

118 2046 253 2102 ternitate
268 2046 406 2121 quaedam
422 2066 482 2103 esse
496 2066 562 2104 vera
576 2054 606 2104 et
619 2066 721 2104 canon
737 2066 797 2104 esse
811 2066 884 2104 noxa
897 2067 961 2104 oau-

119 2125 157 2181 sis
171 2127 293 2182 aeternis
308 2133 336 2182 et
351 2145 368 2182 a
381 2126 435 2183 fati
450 2127 617 2184 necessitate
632 2146 692 2185 esse
702 2126 798 2185 libera.

158 2205 256 2264 XVII.
301 2211 346 2264 39.
369 2206 415 2263 Ac
434 2206 507 2264 mibi
525 2207 642 2284 quidem
663 2207 783 2278 videtur,
799 2225 865 2264 cum
887 2206 960 2264 dirae

118 2286 275 2343 sententiae
292 2287 415 2344 fuissent
432 2293 560 2344 veterum
577 2286 824 2364 philosophorum,
840 2306 898 2344 una
914 2305 961 2344 eo-

117 2385 189 2437 rnm,
206 2367 255 2443 qui
272 2373 418 2424 censerent
435 2367 533 2424 omnia
549 2367 590 2424 ita
606 2367 668 2424 fato
685 2366 755 2438 fieri,
768 2376 801 2425 ut
817 2367 849 2424 id
865 2367 959 2424 fatum

118 2446 175 2501 vim
193 2447 369 2503 necessitatis
385 2446 518 2518 adferret,
533 2447 565 2503 in
582 2466 638 2525 qua
655 2447 797 2505 sententia
811 2445 960 2504 Democri-

119 2532 172 2596 tus,
191 2526 362 2596 Heraclitus,
380 2525 578 2604 Empedocles,
595 2526 766 2584 Aristotcles
786 2526 853 2598 fuit,
871 2526 960 2584 altera

117 2623 224 2677 eorum,
241 2605 344 2682 quibus
360 2606 525 2664 viderentur
541 2608 602 2664 sine
618 2606 677 2664 ullo
694 2607 756 2664 fato
774 2625 834 2664 esse
851 2606 960 2662 animo-

117 2704 180 2741 rum
196 2693 294 2743 motus
315 2684 475 2758 voluntarii,
492 2686 672 2763 Chrysippus
688 2692 836 2764 tamquam
853 2685 959 2743 arbiter

117 2765 287 2823 honorarius
297 2765 425 2824 medium
437 2767 522 2823 ferire
535 2767 667 2836 voluisse,
680 2766 730 2823 sed
741 2766 867 2844 applicat
878 2785 907 2822 sc
921 2765 958 2824 ad

117 2863 165 2900 eos
187 2846 292 2921 potins,
309 2846 358 2923 qui
381 2846 549 2903 necessitate
570 2853 668 2903 motus
690 2846 801 2903 animos
823 2846 959 2903 liberatos

117 2922 224 2981 volunt.
266 2924 346 2982 Dum
364 2932 460 2982 autem
477 2925 570 2982 verbis
587 2926 678 2982 utitur
693 2926 914 2993 suia,·delabitur
928 2927 958 2983 in

116 3020 163 3057 eas
180 3002 370 3074 difficultates,
385 3012 418 3061 ut
434 3005 633 3062 necessitatem
650 3006 703 3062 fati
721 3005 870 3063 confirmet
887 3007 958 3063 invi-

115 3085 170 3137 tus.
214 3087 261 3138 40.
283 3083 381 3158 Atque
395 3083 459 3152 hoo,
472 3084 495 3139 si
507 3084 608 3160 placet,
620 3085 702 3160 quale
717 3085 755 3141 sit
768 3085 916 3142 videamus
928 3085 957 3142 in

117 3157 340 3231 adsensionibus,
364 3180 433 3235 quas
458 3164 551 3236 prima
576 3165 704 3221 oratione
728 3165 855 3222 tractavi.
901 3164 957 3222 Eas
