2220 3432
134 125 166 172 68
354 123 403 172 DE
420 123 572 173 NATURA
588 122 751 172 DEORUM.

133 225 305 302 fatigatione
318 224 522 283 membrorum.
557 223 637 293 Quae
647 243 747 281 verens
761 223 901 301 Epicurus
915 244 980 282 rno-

133 324 317 382 nogrammos
329 305 399 362 deos
409 313 438 362 et
448 305 520 361 nihil
530 312 648 380 agentes
658 313 838 362 commentus
849 311 900 362 est.
927 310 976 362 60.

133 384 180 441 11Ιί
196 392 292 442 autem
309 385 500 462 pulcherrima
516 384 611 441 forma
626 384 749 461 praediti
767 384 979 461 purissimaque

133 465 163 522 in
177 465 294 542 regione
308 465 378 522 caeli
392 464 524 522 collocati
534 465 576 522 ita
588 464 721 522 feruntur
734 464 979 541 moderanturque

133 564 239 616 cursus,
255 551 288 602 ut
304 544 342 602 ad
358 545 456 602 omnia
476 544 670 602 conservanda
690 550 719 601 et
735 544 843 601 tuenda
859 563 980 601 consen-

133 625 202 682 sisse
215 624 374 682 videantur.

173 703 281 761 Multae
295 711 391 762 autem
406 703 478 760 aliae
491 709 609 761 naturae
623 703 741 760 deorum
757 723 791 760 ex
806 703 918 780 magnis
928 702 980 761 be-

132 783 241 841 neficiis
256 803 355 841 eorum
369 802 427 840 non
442 783 503 840 sine
517 802 602 840 causa
616 790 645 840 et
655 801 672 839 a
682 782 817 840 Graeciae
828 784 979 859 sapientis-

133 863 213 920 simis
230 870 259 921 et
275 883 292 920 a
308 863 464 920 maioribus
485 863 590 920 nostris
610 862 784 920 constitutae
800 863 978 920 nominatae-

133 962 188 1019 que
203 949 277 1000 sunt
315 941 464 1019 Quidquid
481 943 558 1000 enim
572 961 708 1019 magnam
722 942 876 1000 utilitatem
891 961 979 1018 gene-

132 1023 157 1079 ri
170 1022 295 1080 adferret
309 1022 444 1094 humano,
457 1023 488 1080 id
502 1042 561 1080 non
576 1023 638 1080 sine
651 1022 750 1080 divina
762 1021 892 1080 bonitate
907 1041 980 1099 erga

132 1101 264 1160 homines
277 1101 338 1160 fieri
352 1102 570 1161 arbitrabantur.
612 1102 714 1179 Itaque
727 1109 791 1159 tum
805 1101 885 1173 illud,
896 1103 979 1179 quod

132 1190 192 1241 erat
206 1202 223 1240 a
236 1183 291 1241 deo
305 1190 415 1254 natum,
424 1183 541 1241 nomine
552 1183 643 1258 ipsius
656 1183 703 1240 dei
717 1182 931 1258 nuncupabant,
942 1189 979 1239 ut

132 1282 196 1320 cum
211 1263 311 1340 fruges
324 1263 455 1320 Cererem
470 1263 655 1340 appellamus,
665 1263 764 1320 vinum
782 1269 879 1320 autem
893 1261 980 1320 Libe-

132 1362 204 1415 rum,
216 1363 250 1401 ex
266 1363 323 1421 qno
337 1343 409 1401 illud
423 1343 565 1401 Terentii:

294 1466 353 1516 Sine
367 1465 456 1515 Cerere
470 1475 494 1514 et
507 1465 598 1514 Libero
612 1465 685 1526 friget
697 1465 798 1514 Venus:

132 1589 178 1642 61.
194 1591 256 1642 turn
271 1590 367 1642 autem
382 1603 426 1641 res
437 1584 508 1658 ipsa,
517 1584 547 1640 in
560 1603 616 1660 qua
626 1584 669 1640 vis
679 1584 754 1641 inest
764 1582 858 1639 maior
870 1581 977 1659 aliqua,

132 1665 171 1720 sie
183 1664 388 1740 appellatur,ut
399 1683 432 1721 ea
442 1665 505 1740 ipsa
516 1665 558 1720 vis
572 1663 737 1720 nominetur
747 1662 826 1734 deus,
836 1669 869 1720 ut
880 1661 976 1734 Fides,

131 1751 164 1800 ut
178 1743 269 1814 Mens,
281 1763 351 1820 quas
367 1744 397 1799 in
414 1743 560 1820 Capitolio
575 1743 720 1800 dedicatas
735 1742 864 1799 videmus
881 1743 979 1818 proxi·

131 1843 177 1880 rne
192 1842 209 1879 a
223 1823 261 1880 M.
272 1823 398 1880 Aemilio
412 1822 527 1894 Scauro,
539 1830 607 1880 ente
623 1829 718 1880 autem
736 1821 773 1879 ab
787 1821 880 1879 Atilio
894 1821 979 1879 Cala-

131 1903 194 1960 tino
208 1911 268 1960 erat
279 1902 364 1960 Fides
376 1910 548 1960 consecrata.
582 1902 675 1960 Vides
682 1902 809 1960 Virtutis
821 1902 977 1978 templum,

131 1983 212 2040 vides
225 1983 353 2039 Honoris
367 2002 384 2039 a
398 1982 436 2040 M.
448 1983 582 2041 Marcello
597 1989 773 2054 renovatum,
786 1981 864 2059 quod
874 1980 979 2040 multis

131 2070 197 2120 ante
211 2063 294 2120 annis
310 2071 369 2120 erat
384 2062 458 2121 bello
473 2062 620 2138 Ligustico
637 2081 654 2118 a
670 2061 704 2130 Q,
718 2062 845 2119 Maximo
862 2061 979 2120 dedica-

130 2149 202 2200 tum.
244 2142 321 2211 Quid
342 2142 433 2220 Opist
454 2143 523 2220 quid
544 2142 669 2200 Salutisl
693 2143 763 2219 quid
784 2141 977 2214 Concordiae,

131 2222 294 2293 Libertatis,
309 2223 476 2280 Victoriae?
497 2242 615 2300 quarum
638 2223 768 2279 omniurn
790 2241 884 2279 rerum
907 2223 978 2299 quia

130 2303 175 2358 uis
190 2310 250 2359 erat
266 2309 355 2374 tanta,
366 2310 400 2360 ut
417 2303 477 2360 sine
498 2303 553 2360 deo
574 2303 635 2379 regi
651 2321 710 2359 non
727 2309 833 2379 posset,
845 2302 908 2378 ipsa
928 2321 979 2360 res

131 2382 249 2440 deorum
267 2401 373 2440 nomen
391 2382 526 2440 obtinuit.
568 2381 633 2450 Quo
650 2401 802 2458 exgenere
820 2381 979 2459 Cupidinis

131 2470 159 2520 et
173 2462 342 2539 Voluptatis
358 2469 387 2520 et
403 2462 572 2520 Libentinae
586 2462 709 2520 Veneris
721 2461 860 2519 vocabula
876 2481 978 2520 conse-

130 2548 208 2599 crata
218 2543 467 2612 sunt,vitiosarum
478 2561 571 2599 rerum
583 2561 675 2618 neque
686 2541 867 2612 naturalium,
877 2559 979 2618 quam-

131 2641 217 2698 quam
231 2622 360 2681 Velleius
373 2622 456 2680 aliter
469 2623 622 2694 existimat,
635 2621 686 2679 sed
699 2628 797 2678 tamen
811 2641 844 2678 ea
857 2621 921 2698 ipsa
935 2624 979 2679 vi-

130 2703 171 2758 tia
184 2708 316 2759 naturam
327 2701 523 2759 vehementius
538 2722 622 2779 saepe
635 2701 759 2778 pulsant.
794 2707 841 2759 62.
857 2700 979 2760 Utilita-

131 2787 193 2836 tum
207 2781 297 2857 igitur
310 2782 509 2857 magnitudine
523 2782 672 2840 constituti
687 2788 755 2839 suut
768 2781 790 2838 ii
804 2781 844 2852 di,
856 2781 906 2859 qui
920 2783 979 2839 uti-

131 2859 225 2917 litates
240 2879 366 2938 quasque
379 2861 545 2938 gignebant.
578 2862 678 2938 Atque
691 2861 736 2919 his
751 2861 867 2939 quidem
882 2863 979 2920 nomi-

133 2938 226 3008 nibus,
235 2957 307 3015 quae
318 2941 403 3016 paulo
418 2949 483 2998 ante
498 2942 576 2999 dicta
589 2949 664 3013 sunt,
675 2961 747 3019 quae
757 2942 801 2999 vis
815 2941 894 3000 sitin
906 2961 979 3019 quo·

133 3035 189 3092 que
202 3017 360 3075 declaratur
373 3019 437 3077 dec.

173 3095 286 3152 XXIV.
302 3096 434 3175 Suscepit
444 3106 539 3156 autem
551 3100 611 3158 vita
621 3099 772 3158 hominum
785 3101 979 3158 consuetudo·

134 3191 189 3248 que
206 3176 374 3246 eommunis,
386 3185 419 3234 ut
432 3177 578 3236 beneficiis
594 3179 763 3237 excellentes
777 3181 853 3238 viros
867 3181 897 3236 in
915 3200 980 3242 cae:
