2220 3432
280 159 350 208 LIB.
364 157 411 218 11„
424 158 503 208 CAP.
517 157 712 219 xvna-xx„
726 157 740 217 §
755 159 845 209 47-53.
953 163 985 209 ot

142 259 334 336 consequitur,
345 259 426 316 cuius
436 259 637 318 tenuissimum
648 258 745 315 lumen
756 259 827 316 facit
837 260 985 335 proximus

142 358 271 396 accessus
285 339 322 397 ad
336 339 434 410 solem,
445 339 589 414 digressus
603 346 698 396 autem
714 339 897 415 longissimus
912 340 986 416 quis-

143 438 199 495 que
212 419 419 495 plenissimum.
462 418 564 495 Neque
579 418 670 476 solum
686 419 746 475 eins
760 419 869 495 species
882 439 914 476 ae
928 420 986 476 for-

141 518 191 555 ma
203 506 333 556 mutatur
346 506 408 556 turn
426 499 587 569 crescendo,
600 505 663 556 tum
680 497 841 556 defectibus
858 499 888 555 in
902 499 986 556 initia

141 579 322 648 recurrend0,
337 578 387 636 sed
404 579 489 636 etiam
508 579 596 655 regie,
613 597 684 655 quae
701 587 763 634 tum
781 585 824 635 est
840 579 986 656 aquilonia

141 665 192 715 aut
206 658 344 716 australis.
387 658 422 715 In
437 659 521 716 lunae
535 676 650 735 quoque
664 677 747 715 cursu
765 665 851 716 estet
869 658 985 716 brumae

142 738 283 815 quaedam
301 745 331 796 et
347 738 463 796 solstitii
481 738 648 808 similitudo,
661 738 809 815 multaque
825 738 862 795 ab
879 758 912 796 ea
927 758 986 795 ma·

141 825 214 874 nant
224 825 253 874 et
264 817 358 875 fluunt
369 818 473 895 quibus
487 825 516 875 et
526 819 686 876 animantes
696 817 808 876 alantur
821 827 986 895 augescant

142 917 199 974 que
216 905 245 954 et
260 898 417 974 pubescant
434 899 686 975 maturitatemque
703 897 896 976 adsequantur
913 918 985 976 quae

142 978 274 1034 oriuntur
288 997 303 1035 e
317 987 399 1036 terra
442 978 510 1037 XX.
534 985 581 1034 51.
597 978 722 1035 Maxime
733 997 799 1036 vero
815 987 882 1036 sunt
896 980 985 1036 admi-

141 1056 245 1114 rabiles
265 1067 362 1116 motus
383 1078 479 1117 earum
503 1059 630 1136 quinque
651 1058 804 1130 stellarum,
820 1079 892 1136 quae
911 1059 985 1116 falso

141 1144 281 1195 vocantur
297 1145 429 1197 errantes.
472 1137 554 1196 Nihil
572 1139 647 1195 enim
666 1147 748 1209 errat,
762 1139 841 1215 quod
857 1140 887 1196 in
905 1140 985 1197 omui

140 1219 311 1276 aeternitate
322 1225 470 1277 conservat
480 1237 647 1296 progressus
658 1225 687 1275 et
698 1237 840 1294 regressus
851 1219 986 1296 reliquos·

142 1317 199 1375 que
213 1305 309 1356 motus
323 1305 486 1357 constantes
500 1305 530 1356 et
543 1306 628 1356 ratos.
665 1297 751 1367 Quod
765 1317 799 1356 eo
814 1306 856 1357 est
867 1299 986 1356 admira·

141 1378 229 1435 bilius
242 1379 272 1436 in
287 1378 333 1436 his
347 1380 444 1450 stellis,
455 1399 525 1457 quas
540 1378 750 1455 dicimusque
764 1386 826 1436 tum
845 1378 986 1436 occultan-

140 1466 198 1530 tur,
215 1466 279 1516 tum
301 1479 397 1517 rursus
417 1460 591 1537 aperiuntur,
609 1466 672 1516 tum
695 1459 890 1527 mennatum
912 1469 986 1516 rece·

141 1539 224 1608 dunt,
235 1546 297 1596 tum
312 1540 493 1610 antecedunt,
504 1548 567 1598 tum
582 1545 677 1596 autem
692 1538 911 1615 subsequuntur,
922 1545 985 1595 tum

142 1619 261 1676 celerius
277 1628 438 1691 moventur,
449 1627 512 1677 tum
527 1619 644 1690 tardius,
657 1626 720 1676 tum
738 1618 856 1675 omuino
873 1638 909 1676 ne
926 1638 986 1676 mo

142 1707 247 1756 ventur·
267 1700 392 1777 quidem,
408 1700 458 1758 sod
479 1700 515 1757 ad
537 1699 683 1777 quoddam
704 1705 819 1775 tempus
840 1699 983 1758 insistunt.

142 1779 269 1848 Quarum
288 1800 322 1837 ex
340 1780 500 1858 disparibus
521 1779 699 1837 motionibus
719 1798 857 1855 magnum
878 1799 985 1838 annum

141 1859 339 1918 mathematici
350 1862 578 1931 nominaverunt,
589 1861 638 1937 qui
649 1868 712 1918 tum
727 1860 856 1931 efficitur,
866 1880 932 1917 cum
943 1879 987 1917 so·

142 1939 178 1996 iis
192 1947 221 1997 et
232 1940 315 1998 lunae
329 1948 358 1998 et
369 1943 495 2018 quinque
510 1942 663 1998 errantium
679 1940 716 1997 ad
727 1941 845 1998 eandem
863 1942 938 1999 inter
954 1963 984 1999 se

143 2022 386 2097 comparationem
411 2021 550 2078 confectis
573 2021 702 2078 omnium
726 2021 826 2097 spatiis
845 2027 889 2077 est
909 2021 987 2077 facta

142 2101 299 2158 conversio
339 2107 385 2158 52.
402 2100 481 2169 Quae
493 2120 577 2178 quam
589 2100 676 2177 ionga
689 2101 727 2158 sit
736 2119 843 2178 magna
857 2101 986 2178 quaestio

144 2187 196 2252 est,
208 2200 268 2238 esse
282 2200 349 2238 vero
364 2189 469 2238 certam
485 2189 514 2238 et
527 2180 675 2238 definitam
690 2200 802 2238 neeesse
818 2187 868 2238 est.
910 2181 985 2237 Nam

144 2280 273 2339 eaquae
290 2261 406 2318 Saturni
423 2260 504 2318 stella
524 2261 629 2318 dieitur
645 2265 813 2338 datamque
834 2280 851 2317 a
871 2259 986 2317 Graecis

143 2342 317 2412 nominatur,
336 2361 408 2418 quae
431 2362 448 2398 a
465 2349 540 2398 terra
562 2340 642 2398 abest
663 2342 827 2418 plurimum,
844 2360 907 2397 xxx
926 2341 986 2397 fere

144 2421 226 2479 annis
241 2440 354 2478 cursum
369 2441 451 2478 suum
467 2421 598 2478 conficit:
620 2422 649 2478 iu
663 2441 719 2499 quo
734 2440 817 2478 eursu
831 2421 922 2476 muita
936 2421 987 2476 mi-

144 2500 271 2558 rabiliter
288 2501 412 2558 effieiens
428 2509 491 2559 tum
508 2502 713 2571 antecedeud0‚
725 2508 787 2558 tum
806 2500 985 2570 retardanda

144 2589 207 2638 tum
218 2582 387 2659 vespertinis
401 2582 579 2659 temporibus
589 2581 783 2650 delitiscendo
794 2587 857 2637 tum
871 2580 986 2636 matuti-

143 2662 190 2718 nis
210 2681 321 2719 rursum
340 2681 369 2719 se
387 2662 549 2738 aperiendo,
564 2661 636 2718 nihii
653 2662 789 2718 immutat
806 2660 987 2736 sempiternis

144 2742 322 2799 saeculomm
337 2742 485 2813 aetatibus
497 2743 566 2819 quin
581 2742 679 2799 eadem
694 2741 796 2797 iisdem
808 2739 987 2816 temporibus

144 2821 256 2879 efficiat.
296 2822 376 2879 Infra
389 2829 485 2879 autem
501 2822 574 2879 hano
588 2822 707 2899 propius
721 2827 822 2878 aterna
832 2819 909 2877 Iovis
923 2819 988 2877 stel-

143 2901 172 2958 la
182 2902 282 2973 fertur,
293 2921 365 2979 quae
376 2899 495 2959 oasam
506 2902 618 2972 dicitur,
630 2920 717 2977 eaque
730 2902 850 2958 eundem
870 2920 914 2958 xr1
932 2900 987 2973 siq-

143 3001 249 3038 uorum
266 2982 365 3040 orbem
382 2983 464 3040 annis
480 3002 524 3039 xr1
535 2980 650 3038 conficit
664 2979 842 3056 easdemque,
855 2997 925 3055 quas
939 2978 988 3034 Sa-

144 3062 224 3119 turni
232 3061 312 3119 stella
321 3062 408 3120 efficit
416 3063 445 3119 iu
456 3081 539 3119 cursu
549 3061 704 3116 varietates.
742 3065 788 3115 53.
805 3059 881 3116 Huic
891 3065 985 3116 autem

144 3142 309 3218 proximum
324 3143 489 3200 inferiorem
505 3140 602 3197 orbem
614 3145 693 3196 tenet
705 3141 826 3214 Πυρόεις,
838 3157 909 3215 quae
924 3136 988 3193 stel-

144 3221 173 3277 la
187 3220 287 3278 Martis
300 3222 468 3299 appellatur,
481 3238 569 3296 eaque
584 3237 630 3275 1111
645 3224 674 3274 et
687 3237 727 3273 xx
742 3217 895 3285 mensibus,
906 3235 946 3280 m,
955 3221 987 3269 ut
