<?xml version="1.0" encoding="UTF-8"?>
<!DOCTYPE html PUBLIC "-//W3C//DTD XHTML 1.0 Transitional//EN"
    "http://www.w3.org/TR/xhtml1/DTD/xhtml1-transitional.dtd">
<html xmlns="http://www.w3.org/1999/xhtml" xml:lang="en" lang="en">
 <head>
  <title>
</title>
<meta http-equiv="Content-Type" content="text/html;charset=utf-8" />
  <meta name='ocr-system' content='tesseract 3.04.00' />
  <meta name='ocr-capabilities' content='ocr_page ocr_carea ocr_par ocr_line ocrx_word'/>
</head>
<body>
  <div class='ocr_page' id='page_1' title='image "./mtulliiciceroni106cicegoog/mtulliiciceroni106cicegoog_0232.png"; bbox 0 0 2224 3446; ppageno 0'>
   <div class='ocr_carea' id='block_1_1' title="bbox 234 132 968 196">
    <p class='ocr_par' dir='ltr' id='par_1_1' title="bbox 234 132 968 196">
     <span class='ocr_line' id='line_1_1' title="bbox 234 132 968 196; baseline 0.004 -14"><span class='ocrx_word' id='word_1_1' title='bbox 234 133 367 193; x_wconf 77' lang='lat' dir='ltr'><strong>marn,</strong></span> <span class='ocrx_word' id='word_1_2' title='bbox 381 132 861 196; x_wconf 76' lang='lat' dir='ltr'><strong>cAP.xxxr.-xxx111.‚§ec-u.</strong></span> <span class='ocrx_word' id='word_1_3' title='bbox 921 139 968 186; x_wconf 83' lang='lat'><strong>221</strong></span> 
     </span>
    </p>
   </div>
   <div class='ocr_carea' id='block_1_2' title="bbox 126 234 969 472">
    <p class='ocr_par' dir='ltr' id='par_1_2' title="bbox 126 234 969 472">
     <span class='ocr_line' id='line_1_2' title="bbox 128 234 967 312; baseline 0.001 -19"><span class='ocrx_word' id='word_1_4' title='bbox 128 235 303 306; x_wconf 83' lang='lat' dir='ltr'>Veientium,</span> <span class='ocrx_word' id='word_1_5' title='bbox 327 235 351 291; x_wconf 94' lang='lat' dir='ltr'><strong>si</strong></span> <span class='ocrx_word' id='word_1_6' title='bbox 372 235 449 291; x_wconf 88' lang='lat' dir='ltr'><strong>lacus</strong></span> <span class='ocrx_word' id='word_1_7' title='bbox 476 234 607 291; x_wconf 82' lang='lat' dir='ltr'><strong>Albanus</strong></span> <span class='ocrx_word' id='word_1_8' title='bbox 631 234 817 293; x_wconf 81' lang='lat' dir='ltr'><strong>redundasset</strong></span> <span class='ocrx_word' id='word_1_9' title='bbox 838 236 918 312; x_wconf 91' lang='lat' dir='ltr'><strong>isque</strong></span> <span class='ocrx_word' id='word_1_10' title='bbox 938 238 967 294; x_wconf 92' lang='lat' dir='ltr'><strong>in</strong></span> 
     </span>
     <span class='ocr_line' id='line_1_3' title="bbox 126 314 967 391; baseline 0.001 -18"><span class='ocrx_word' id='word_1_11' title='bbox 126 335 204 373; x_wconf 90' lang='lat' dir='ltr'><strong>mare</strong></span> <span class='ocrx_word' id='word_1_12' title='bbox 220 315 357 384; x_wconf 85' lang='lat' dir='ltr'><strong>fluxisset,</strong></span> <span class='ocrx_word' id='word_1_13' title='bbox 370 314 493 372; x_wconf 83' lang='lat' dir='ltr'><strong>Romam</strong></span> <span class='ocrx_word' id='word_1_14' title='bbox 511 315 676 390; x_wconf 89' lang='lat' dir='ltr'><strong>perituram,</strong></span> <span class='ocrx_word' id='word_1_15' title='bbox 689 315 713 371; x_wconf 90' lang='lat' dir='ltr'><strong>si</strong></span> <span class='ocrx_word' id='word_1_16' title='bbox 727 334 869 391; x_wconf 87' lang='lat' dir='ltr'><strong>repressus</strong></span> <span class='ocrx_word' id='word_1_17' title='bbox 886 330 967 387; x_wconf 88' lang='lat' dir='ltr'><strong>esset,</strong></span> 
     </span>
     <span class='ocr_line' id='line_1_4' title="bbox 126 394 969 472; baseline 0.001 -19"><span class='ocrx_word' id='word_1_18' title='bbox 126 396 234 454; x_wconf 89' lang='lat' dir='ltr'><strong>Veios.</strong></span> <span class='ocrx_word' id='word_1_19' title='bbox 246 440 252 454; x_wconf 91' lang='lat'><em>.</em></span> <span class='ocrx_word' id='word_1_20' title='bbox 264 395 323 452; x_wconf 85' lang='lat' dir='ltr'><strong>.ita</strong></span> <span class='ocrx_word' id='word_1_21' title='bbox 336 413 410 472; x_wconf 89' lang='lat' dir='ltr'><strong>aqna</strong></span> <span class='ocrx_word' id='word_1_22' title='bbox 424 394 537 451; x_wconf 89' lang='lat' dir='ltr'><strong>Albana</strong></span> <span class='ocrx_word' id='word_1_23' title='bbox 547 394 678 465; x_wconf 84' lang='lat' dir='ltr'><strong>deducta,</strong></span> <span class='ocrx_word' id='word_1_24' title='bbox 691 394 727 451; x_wconf 92' lang='lat' dir='ltr'><strong>ad</strong></span> <span class='ocrx_word' id='word_1_25' title='bbox 738 394 892 452; x_wconf 77' lang='lat' dir='ltr'><strong>utilitatem</strong></span> <span class='ocrx_word' id='word_1_26' title='bbox 908 398 969 472; x_wconf 85' lang='lat' dir='ltr'><strong>agri</strong></span> 
     </span>
    </p>
   </div>
   <div class='ocr_carea' id='block_1_3' title="bbox 38 473 969 551">
    <p class='ocr_par' dir='ltr' id='par_1_3' title="bbox 38 473 969 551">
     <span class='ocr_line' id='line_1_5' title="bbox 38 473 969 551; baseline 0.001 -19"><span class='ocrx_word' id='word_1_27' title='bbox 38 509 46 518; x_wconf 78' lang='lat'>-</span> <span class='ocrx_word' id='word_1_28' title='bbox 126 475 291 547; x_wconf 81' lang='lat' dir='ltr'>suburbani,</span> <span class='ocrx_word' id='word_1_29' title='bbox 303 493 362 531; x_wconf 92' lang='lat' dir='ltr'><strong>non</strong></span> <span class='ocrx_word' id='word_1_30' title='bbox 376 474 413 531; x_wconf 88' lang='lat' dir='ltr'><strong>ad</strong></span> <span class='ocrx_word' id='word_1_31' title='bbox 423 493 516 532; x_wconf 87' lang='lat' dir='ltr'><strong>arcem</strong></span> <span class='ocrx_word' id='word_1_32' title='bbox 533 473 688 551; x_wconf 83' lang='lat' dir='ltr'><strong>urbemque</strong></span> <span class='ocrx_word' id='word_1_33' title='bbox 703 475 888 533; x_wconf 90' lang='lat' dir='ltr'><strong>retinendam.</strong></span> <span class='ocrx_word' id='word_1_34' title='bbox 926 475 969 533; x_wconf 88' lang='lat' dir='ltr'><strong>At</strong></span> 
     </span>
    </p>
   </div>
   <div class='ocr_carea' id='block_1_4' title="bbox 124 554 969 3186">
    <p class='ocr_par' dir='ltr' id='par_1_4' title="bbox 125 554 969 1190">
     <span class='ocr_line' id='line_1_6' title="bbox 125 554 969 632; baseline 0 -20"><span class='ocrx_word' id='word_1_35' title='bbox 125 555 212 632; x_wconf 90' lang='lat' dir='ltr'><strong>paulo</strong></span> <span class='ocrx_word' id='word_1_36' title='bbox 228 562 296 631; x_wconf 91' lang='lat' dir='ltr'><strong>post</strong></span> <span class='ocrx_word' id='word_1_37' title='bbox 312 554 411 611; x_wconf 88' lang='lat' dir='ltr'><strong>audita</strong></span> <span class='ocrx_word' id='word_1_38' title='bbox 432 573 487 611; x_wconf 85' lang='lat' dir='ltr'><strong>vox</strong></span> <span class='ocrx_word' id='word_1_39' title='bbox 508 561 552 611; x_wconf 88' lang='lat' dir='ltr'><strong>est</strong></span> <span class='ocrx_word' id='word_1_40' title='bbox 572 555 717 612; x_wconf 88' lang='lat' dir='ltr'><strong>monentis</strong></span> <span class='ocrx_word' id='word_1_41' title='bbox 738 561 770 611; x_wconf 93' lang='lat' dir='ltr'><strong>ut</strong></span> <span class='ocrx_word' id='word_1_42' title='bbox 786 555 969 631; x_wconf 83' lang='lat' dir='ltr'><strong>providerent</strong></span> 
     </span>
     <span class='ocr_line' id='line_1_7' title="bbox 125 633 968 711; baseline 0.001 -20"><span class='ocrx_word' id='word_1_43' title='bbox 125 655 162 692; x_wconf 90' lang='lat' dir='ltr'><strong>ue</strong></span> <span class='ocrx_word' id='word_1_44' title='bbox 185 654 202 691; x_wconf 87' lang='lat' dir='ltr'><strong>a</strong></span> <span class='ocrx_word' id='word_1_45' title='bbox 223 634 313 691; x_wconf 84' lang='lat' dir='ltr'><strong>Gallis</strong></span> <span class='ocrx_word' id='word_1_46' title='bbox 329 634 423 691; x_wconf 88' lang='lat' dir='ltr'><strong>Roma</strong></span> <span class='ocrx_word' id='word_1_47' title='bbox 443 640 607 711; x_wconf 89' lang='lat' dir='ltr'><strong>caperetur:</strong></span> <span class='ocrx_word' id='word_1_48' title='bbox 636 654 671 691; x_wconf 85' lang='lat' dir='ltr'><strong>ex</strong></span> <span class='ocrx_word' id='word_1_49' title='bbox 692 654 726 692; x_wconf 92' lang='lat' dir='ltr'><strong>eo</strong></span> <span class='ocrx_word' id='word_1_50' title='bbox 746 633 805 691; x_wconf 89' lang='lat' dir='ltr'><strong>Aio</strong></span> <span class='ocrx_word' id='word_1_51' title='bbox 826 634 968 710; x_wconf 87' lang='lat' dir='ltr'><strong>Loquenti</strong></span> 
     </span>
     <span class='ocr_line' id='line_1_8' title="bbox 126 713 969 790; baseline 0 -18"><span class='ocrx_word' id='word_1_52' title='bbox 126 734 202 772; x_wconf 88' lang='lat' dir='ltr'><strong>aram</strong></span> <span class='ocrx_word' id='word_1_53' title='bbox 221 714 251 770; x_wconf 95' lang='lat' dir='ltr'><strong>in</strong></span> <span class='ocrx_word' id='word_1_54' title='bbox 268 733 344 771; x_wconf 90' lang='lat' dir='ltr'><strong>nova</strong></span> <span class='ocrx_word' id='word_1_55' title='bbox 364 714 410 771; x_wconf 86' lang='lat' dir='ltr'><strong>via</strong></span> <span class='ocrx_word' id='word_1_56' title='bbox 430 720 631 771; x_wconf 87' lang='lat' dir='ltr'><strong>consecratam.</strong></span> <span class='ocrx_word' id='word_1_57' title='bbox 674 713 752 782; x_wconf 76' lang='lat' dir='ltr'><strong>Quid</strong></span> <span class='ocrx_word' id='word_1_58' title='bbox 768 716 855 790; x_wconf 70' lang='lat' dir='ltr'><strong>ergo?</strong></span> <span class='ocrx_word' id='word_1_59' title='bbox 895 715 969 772; x_wconf 85' lang='lat' dir='ltr'><strong>Aius</strong></span> 
     </span>
     <span class='ocr_line' id='line_1_9' title="bbox 125 793 969 871; baseline 0 -19"><span class='ocrx_word' id='word_1_60' title='bbox 125 796 180 852; x_wconf 86' lang='lat' dir='ltr'><strong>iste</strong></span> <span class='ocrx_word' id='word_1_61' title='bbox 197 794 338 871; x_wconf 88' lang='lat' dir='ltr'><strong>Loquens,</strong></span> <span class='ocrx_word' id='word_1_62' title='bbox 353 813 420 850; x_wconf 90' lang='lat' dir='ltr'><strong>cum</strong></span> <span class='ocrx_word' id='word_1_63' title='bbox 437 813 503 850; x_wconf 88' lang='lat' dir='ltr'><strong>eum</strong></span> <span class='ocrx_word' id='word_1_64' title='bbox 519 812 605 850; x_wconf 88' lang='lat' dir='ltr'><strong>nemo</strong></span> <span class='ocrx_word' id='word_1_65' title='bbox 622 802 713 866; x_wconf 89' lang='lat' dir='ltr'><strong>uorat,</strong></span> <span class='ocrx_word' id='word_1_66' title='bbox 729 802 758 852; x_wconf 86' lang='lat' dir='ltr'><strong>ot</strong></span> <span class='ocrx_word' id='word_1_67' title='bbox 774 793 868 852; x_wconf 87' lang='lat' dir='ltr'><strong>aicbat</strong></span> <span class='ocrx_word' id='word_1_68' title='bbox 884 802 913 852; x_wconf 90' lang='lat' dir='ltr'><strong>et</strong></span> <span class='ocrx_word' id='word_1_69' title='bbox 929 794 969 852; x_wconf 92' lang='lat' dir='ltr'><strong>lo-</strong></span> 
     </span>
     <span class='ocr_line' id='line_1_10' title="bbox 126 873 969 952; baseline 0.001 -21"><span class='ocrx_word' id='word_1_70' title='bbox 126 873 267 952; x_wconf 90' lang='lat' dir='ltr'><strong>quebatur</strong></span> <span class='ocrx_word' id='word_1_71' title='bbox 287 880 367 931; x_wconf 87' lang='lat' dir='ltr'><strong>etex</strong></span> <span class='ocrx_word' id='word_1_72' title='bbox 387 893 421 930; x_wconf 90' lang='lat' dir='ltr'><strong>eo</strong></span> <span class='ocrx_word' id='word_1_73' title='bbox 438 892 544 930; x_wconf 87' lang='lat' dir='ltr'><strong>nomeu</strong></span> <span class='ocrx_word' id='word_1_74' title='bbox 560 873 687 931; x_wconf 87' lang='lat' dir='ltr'><strong>invonit:</strong></span> <span class='ocrx_word' id='word_1_75' title='bbox 712 881 812 951; x_wconf 90' lang='lat' dir='ltr'><strong>postea</strong></span> <span class='ocrx_word' id='word_1_76' title='bbox 833 893 918 952; x_wconf 89' lang='lat' dir='ltr'><strong>quam</strong></span> <span class='ocrx_word' id='word_1_77' title='bbox 940 883 969 932; x_wconf 89' lang='lat' dir='ltr'><strong>et</strong></span> 
     </span>
     <span class='ocr_line' id='line_1_11' title="bbox 126 953 968 1024; baseline 0.001 -13"><span class='ocrx_word' id='word_1_78' title='bbox 126 955 223 1012; x_wconf 88' lang='lat' dir='ltr'><strong>sedem</strong></span> <span class='ocrx_word' id='word_1_79' title='bbox 241 961 270 1011; x_wconf 93' lang='lat' dir='ltr'><strong>ct</strong></span> <span class='ocrx_word' id='word_1_80' title='bbox 286 972 364 1010; x_wconf 88' lang='lat' dir='ltr'><strong>aram</strong></span> <span class='ocrx_word' id='word_1_81' title='bbox 382 961 411 1010; x_wconf 90' lang='lat' dir='ltr'><strong>et</strong></span> <span class='ocrx_word' id='word_1_82' title='bbox 427 972 532 1010; x_wconf 91' lang='lat' dir='ltr'><strong>nomen</strong></span> <span class='ocrx_word' id='word_1_83' title='bbox 547 953 664 1024; x_wconf 86' lang='lat' dir='ltr'><strong>invenit,</strong></span> <span class='ocrx_word' id='word_1_84' title='bbox 677 953 842 1012; x_wconf 80' lang='lat' dir='ltr'><strong>obmutuitl</strong></span> <span class='ocrx_word' id='word_1_85' title='bbox 883 954 968 1023; x_wconf 81' lang='lat' dir='ltr'><strong>Quod</strong></span> 
     </span>
     <span class='ocr_line' id='line_1_12' title="bbox 126 1029 968 1111; baseline 0.002 -20"><span class='ocrx_word' id='word_1_86' title='bbox 126 1034 204 1092; x_wconf 89' lang='lat' dir='ltr'><strong>idem</strong></span> <span class='ocrx_word' id='word_1_87' title='bbox 221 1033 279 1091; x_wconf 89' lang='lat' dir='ltr'><strong>dici</strong></span> <span class='ocrx_word' id='word_1_88' title='bbox 296 1033 332 1090; x_wconf 92' lang='lat' dir='ltr'><strong>de</strong></span> <span class='ocrx_word' id='word_1_89' title='bbox 347 1033 464 1090; x_wconf 90' lang='lat' dir='ltr'><strong>Moneta</strong></span> <span class='ocrx_word' id='word_1_90' title='bbox 477 1039 590 1109; x_wconf 89' lang='lat' dir='ltr'><strong>potest:</strong></span> <span class='ocrx_word' id='word_1_91' title='bbox 613 1052 630 1089; x_wconf 86' lang='lat' dir='ltr'><strong>a</strong></span> <span class='ocrx_word' id='word_1_92' title='bbox 647 1029 914 1111; x_wconf 67' lang='lat' dir='ltr'><strong>qua&#39;praeterquam</strong></span> <span class='ocrx_word' id='word_1_93' title='bbox 932 1035 968 1094; x_wconf 89' lang='lat' dir='ltr'><strong>dc</strong></span> 
     </span>
     <span class='ocr_line' id='line_1_13' title="bbox 127 1112 759 1190; baseline 0 -20"><span class='ocrx_word' id='word_1_94' title='bbox 127 1133 176 1171; x_wconf 91' lang='lat' dir='ltr'><strong>sne</strong></span> <span class='ocrx_word' id='word_1_95' title='bbox 190 1114 276 1190; x_wconf 86' lang='lat' dir='ltr'><strong>plena</strong></span> <span class='ocrx_word' id='word_1_96' title='bbox 290 1113 359 1190; x_wconf 94' lang='lat' dir='ltr'><strong>quid</strong></span> <span class='ocrx_word' id='word_1_97' title='bbox 374 1132 510 1189; x_wconf 87' lang='lat' dir='ltr'><strong>umquam</strong></span> <span class='ocrx_word' id='word_1_98' title='bbox 525 1112 629 1170; x_wconf 89' lang='lat' dir='ltr'><strong>moniti</strong></span> <span class='ocrx_word' id='word_1_99' title='bbox 644 1115 759 1170; x_wconf 79' lang='lat' dir='ltr'><strong>sumusl</strong></span> 
     </span>
    </p>

    <p class='ocr_par' dir='ltr' id='par_1_5' title="bbox 124 1192 969 3186">
     <span class='ocr_line' id='line_1_14' title="bbox 166 1192 969 1271; baseline 0.002 -22"><span class='ocrx_word' id='word_1_100' title='bbox 166 1193 313 1250; x_wconf 89' lang='lat' dir='ltr'>XXXIII.</span> <span class='ocrx_word' id='word_1_101' title='bbox 353 1192 399 1250; x_wconf 80' lang='lat'><strong>70.</strong></span> <span class='ocrx_word' id='word_1_102' title='bbox 418 1193 495 1250; x_wconf 87' lang='lat' dir='ltr'><strong>Satis</strong></span> <span class='ocrx_word' id='word_1_103' title='bbox 509 1192 599 1249; x_wconf 90' lang='lat' dir='ltr'><strong>multa</strong></span> <span class='ocrx_word' id='word_1_104' title='bbox 613 1192 649 1250; x_wconf 89' lang='lat' dir='ltr'><strong>dc</strong></span> <span class='ocrx_word' id='word_1_105' title='bbox 663 1193 791 1250; x_wconf 82' lang='lat' dir='ltr'><strong>ostentis</strong></span> <span class='ocrx_word' id='word_1_106' title='bbox 830 1193 969 1271; x_wconf 87' lang='lat' dir='ltr'><strong>Auspicia</strong></span> 
     </span>
     <span class='ocr_line' id='line_1_15' title="bbox 126 1272 968 1350; baseline 0 -19"><span class='ocrx_word' id='word_1_107' title='bbox 126 1280 235 1331; x_wconf 85' lang='lat' dir='ltr'><strong>restant</strong></span> <span class='ocrx_word' id='word_1_108' title='bbox 252 1280 281 1330; x_wconf 88' lang='lat' dir='ltr'><strong>ct</strong></span> <span class='ocrx_word' id='word_1_109' title='bbox 297 1279 388 1330; x_wconf 85' lang='lat' dir='ltr'><strong>sortes</strong></span> <span class='ocrx_word' id='word_1_110' title='bbox 404 1293 461 1343; x_wconf 88' lang='lat' dir='ltr'><strong>eac,</strong></span> <span class='ocrx_word' id='word_1_111' title='bbox 478 1291 550 1350; x_wconf 88' lang='lat' dir='ltr'><strong>quac</strong></span> <span class='ocrx_word' id='word_1_112' title='bbox 567 1272 718 1343; x_wconf 87' lang='lat' dir='ltr'><strong>ducuntur,</strong></span> <span class='ocrx_word' id='word_1_113' title='bbox 735 1291 793 1329; x_wconf 91' lang='lat' dir='ltr'><strong>non</strong></span> <span class='ocrx_word' id='word_1_114' title='bbox 810 1273 882 1344; x_wconf 88' lang='lat' dir='ltr'><strong>illac,</strong></span> <span class='ocrx_word' id='word_1_115' title='bbox 896 1293 968 1350; x_wconf 89' lang='lat' dir='ltr'><strong>quae</strong></span> 
     </span>
     <span class='ocr_line' id='line_1_16' title="bbox 127 1352 967 1428; baseline -0.001 -18"><span class='ocrx_word' id='word_1_116' title='bbox 127 1353 330 1411; x_wconf 83' lang='lat' dir='ltr'><strong>vaticinatione</strong></span> <span class='ocrx_word' id='word_1_117' title='bbox 346 1353 516 1422; x_wconf 86' lang='lat' dir='ltr'><strong>funduntur,</strong></span> <span class='ocrx_word' id='word_1_118' title='bbox 529 1371 601 1428; x_wconf 87' lang='lat' dir='ltr'><strong>quac</strong></span> <span class='ocrx_word' id='word_1_119' title='bbox 618 1352 711 1409; x_wconf 87' lang='lat' dir='ltr'><strong>oracla</strong></span> <span class='ocrx_word' id='word_1_120' title='bbox 727 1353 820 1409; x_wconf 90' lang='lat' dir='ltr'><strong>verius</strong></span> <span class='ocrx_word' id='word_1_121' title='bbox 836 1352 967 1424; x_wconf 85' lang='lat' dir='ltr'><strong>dicimus,</strong></span> 
     </span>
     <span class='ocr_line' id='line_1_17' title="bbox 127 1432 969 1511; baseline -0.001 -21"><span class='ocrx_word' id='word_1_122' title='bbox 127 1435 163 1490; x_wconf 89' lang='lat' dir='ltr'><strong>dc</strong></span> <span class='ocrx_word' id='word_1_123' title='bbox 178 1433 281 1511; x_wconf 91' lang='lat' dir='ltr'><strong>quibus</strong></span> <span class='ocrx_word' id='word_1_124' title='bbox 296 1440 359 1490; x_wconf 93' lang='lat' dir='ltr'><strong>tum</strong></span> <span class='ocrx_word' id='word_1_125' title='bbox 373 1433 509 1503; x_wconf 85' lang='lat' dir='ltr'><strong>dicemus,</strong></span> <span class='ocrx_word' id='word_1_126' title='bbox 518 1451 583 1488; x_wconf 93' lang='lat' dir='ltr'><strong>cum</strong></span> <span class='ocrx_word' id='word_1_127' title='bbox 598 1432 634 1489; x_wconf 91' lang='lat' dir='ltr'><strong>ad</strong></span> <span class='ocrx_word' id='word_1_128' title='bbox 645 1433 802 1489; x_wconf 85' lang='lat' dir='ltr'><strong>naturalem</strong></span> <span class='ocrx_word' id='word_1_129' title='bbox 817 1432 969 1489; x_wconf 88' lang='lat' dir='ltr'><strong>divinatio-</strong></span> 
     </span>
     <span class='ocr_line' id='line_1_18' title="bbox 127 1511 968 1571; baseline -0.001 -1"><span class='ocrx_word' id='word_1_130' title='bbox 127 1533 193 1571; x_wconf 92' lang='lat' dir='ltr'><strong>nem</strong></span> <span class='ocrx_word' id='word_1_131' title='bbox 214 1513 383 1570; x_wconf 90' lang='lat' dir='ltr'><strong>venerimus.</strong></span> <span class='ocrx_word' id='word_1_132' title='bbox 425 1512 526 1569; x_wconf 86' lang='lat' dir='ltr'><strong>Restat</strong></span> <span class='ocrx_word' id='word_1_133' title='bbox 546 1512 634 1569; x_wconf 79' lang='lat' dir='ltr'><strong>etIam</strong></span> <span class='ocrx_word' id='word_1_134' title='bbox 653 1512 688 1569; x_wconf 91' lang='lat' dir='ltr'><strong>de</strong></span> <span class='ocrx_word' id='word_1_135' title='bbox 710 1511 867 1570; x_wconf 84' lang='lat' dir='ltr'><strong>Chaldaeis.</strong></span> <span class='ocrx_word' id='word_1_136' title='bbox 911 1511 968 1569; x_wconf 88' lang='lat' dir='ltr'><strong>Scd</strong></span> 
     </span>
     <span class='ocr_line' id='line_1_19' title="bbox 126 1591 968 1670; baseline -0.002 -20"><span class='ocrx_word' id='word_1_137' title='bbox 126 1595 252 1670; x_wconf 92' lang='lat' dir='ltr'><strong>primum</strong></span> <span class='ocrx_word' id='word_1_138' title='bbox 274 1593 400 1668; x_wconf 90' lang='lat' dir='ltr'><strong>auspicia</strong></span> <span class='ocrx_word' id='word_1_139' title='bbox 421 1592 575 1650; x_wconf 88' lang='lat' dir='ltr'><strong>videamus.</strong></span> <span class='ocrx_word' id='word_1_140' title='bbox 617 1591 751 1649; x_wconf 88' lang='lat' dir='ltr'><strong>Difficilis</strong></span> <span class='ocrx_word' id='word_1_141' title='bbox 771 1592 872 1668; x_wconf 82' lang='lat' dir='ltr'><strong>auguri</strong></span> <span class='ocrx_word' id='word_1_142' title='bbox 888 1591 968 1648; x_wconf 90' lang='lat' dir='ltr'><strong>locus</strong></span> 
     </span>
     <span class='ocr_line' id='line_1_20' title="bbox 126 1671 968 1744; baseline -0.002 -14"><span class='ocrx_word' id='word_1_143' title='bbox 126 1674 163 1731; x_wconf 91' lang='lat' dir='ltr'><strong>ad</strong></span> <span class='ocrx_word' id='word_1_144' title='bbox 184 1681 284 1730; x_wconf 85' lang='lat' dir='ltr'><strong>contra</strong></span> <span class='ocrx_word' id='word_1_145' title='bbox 304 1672 466 1730; x_wconf 89' lang='lat' dir='ltr'><strong>dicendum.</strong></span> <span class='ocrx_word' id='word_1_146' title='bbox 509 1671 603 1729; x_wconf 89' lang='lat' dir='ltr'><strong>Marso</strong></span> <span class='ocrx_word' id='word_1_147' title='bbox 624 1672 754 1744; x_wconf 86' lang='lat' dir='ltr'><strong>fortasse,</strong></span> <span class='ocrx_word' id='word_1_148' title='bbox 770 1671 820 1730; x_wconf 89' lang='lat' dir='ltr'><strong>sed</strong></span> <span class='ocrx_word' id='word_1_149' title='bbox 836 1671 968 1729; x_wconf 90' lang='lat' dir='ltr'><strong>Romano</strong></span> 
     </span>
     <span class='ocr_line' id='line_1_21' title="bbox 125 1751 969 1828; baseline -0.002 -18"><span class='ocrx_word' id='word_1_150' title='bbox 125 1754 288 1811; x_wconf 86' lang='lat' dir='ltr'><strong>facillimus.</strong></span> <span class='ocrx_word' id='word_1_151' title='bbox 327 1752 356 1809; x_wconf 90' lang='lat' dir='ltr'>N</span> <span class='ocrx_word' id='word_1_152' title='bbox 357 1772 393 1809; x_wconf 91' lang='lat' dir='ltr'><strong>on</strong></span> <span class='ocrx_word' id='word_1_153' title='bbox 410 1753 486 1809; x_wconf 92' lang='lat' dir='ltr'><strong>enim</strong></span> <span class='ocrx_word' id='word_1_154' title='bbox 500 1767 599 1808; x_wconf 82' lang='lat' dir='ltr'><strong>sumus</strong></span> <span class='ocrx_word' id='word_1_155' title='bbox 612 1751 634 1809; x_wconf 90' lang='lat' dir='ltr'><strong>ii</strong></span> <span class='ocrx_word' id='word_1_156' title='bbox 644 1771 697 1808; x_wconf 92' lang='lat' dir='ltr'><strong>nos</strong></span> <span class='ocrx_word' id='word_1_157' title='bbox 711 1770 840 1828; x_wconf 82' lang='lat' dir='ltr'><strong>augures,</strong></span> <span class='ocrx_word' id='word_1_158' title='bbox 852 1752 901 1828; x_wconf 93' lang='lat' dir='ltr'><strong>qni</strong></span> <span class='ocrx_word' id='word_1_159' title='bbox 912 1753 969 1808; x_wconf 88' lang='lat' dir='ltr'><strong>avi·</strong></span> 
     </span>
     <span class='ocr_line' id='line_1_22' title="bbox 126 1831 969 1908; baseline -0.004 -17"><span class='ocrx_word' id='word_1_160' title='bbox 126 1854 176 1891; x_wconf 91' lang='lat' dir='ltr'><strong>um</strong></span> <span class='ocrx_word' id='word_1_161' title='bbox 191 1833 240 1891; x_wconf 91' lang='lat' dir='ltr'><strong>reli</strong></span> <span class='ocrx_word' id='word_1_162' title='bbox 264 1851 400 1890; x_wconf 89' lang='lat' dir='ltr'><strong>uorumve</strong></span> <span class='ocrx_word' id='word_1_163' title='bbox 416 1833 563 1908; x_wconf 90' lang='lat' dir='ltr'><strong>signorum</strong></span> <span class='ocrx_word' id='word_1_164' title='bbox 578 1831 775 1889; x_wconf 87' lang='lat' dir='ltr'><strong>observatione</strong></span> <span class='ocrx_word' id='word_1_165' title='bbox 786 1833 885 1888; x_wconf 88' lang='lat' dir='ltr'><strong>futura</strong></span> <span class='ocrx_word' id='word_1_166' title='bbox 895 1831 969 1889; x_wconf 89' lang='lat' dir='ltr'><strong>dica·</strong></span> 
     </span>
     <span class='ocr_line' id='line_1_23' title="bbox 125 1853 969 1989; baseline -0.004 -18"><span class='ocrx_word' id='word_1_167' title='bbox 125 1933 198 1972; x_wconf 92' lang='lat' dir='ltr'><strong>mus.</strong></span> <span class='ocrx_word' id='word_1_168' title='bbox 241 1853 280 1971; x_wconf 73' lang='lat' dir='ltr'><strong>Rt</strong></span> <span class='ocrx_word' id='word_1_169' title='bbox 296 1921 393 1970; x_wconf 89' lang='lat' dir='ltr'><strong>tamen</strong></span> <span class='ocrx_word' id='word_1_170' title='bbox 409 1912 494 1969; x_wconf 89' lang='lat' dir='ltr'><strong>credo</strong></span> <span class='ocrx_word' id='word_1_171' title='bbox 511 1911 677 1982; x_wconf 88' lang='lat' dir='ltr'><strong>Romulum,</strong></span> <span class='ocrx_word' id='word_1_172' title='bbox 694 1913 743 1988; x_wconf 92' lang='lat' dir='ltr'><strong>qui</strong></span> <span class='ocrx_word' id='word_1_173' title='bbox 759 1911 859 1969; x_wconf 90' lang='lat' dir='ltr'><strong>urbem</strong></span> <span class='ocrx_word' id='word_1_174' title='bbox 876 1913 969 1989; x_wconf 87' lang='lat' dir='ltr'><strong>auspi-</strong></span> 
     </span>
     <span class='ocr_line' id='line_1_24' title="bbox 126 1991 969 2068; baseline -0.004 -17"><span class='ocrx_word' id='word_1_175' title='bbox 126 2002 191 2052; x_wconf 87' lang='lat' dir='ltr'><strong>cato</strong></span> <span class='ocrx_word' id='word_1_176' title='bbox 208 1993 346 2064; x_wconf 88' lang='lat' dir='ltr'><strong>condidit,</strong></span> <span class='ocrx_word' id='word_1_177' title='bbox 362 1991 495 2049; x_wconf 84' lang='lat' dir='ltr'><strong>habuisse</strong></span> <span class='ocrx_word' id='word_1_178' title='bbox 513 1991 680 2068; x_wconf 86' lang='lat' dir='ltr'><strong>opinionem</strong></span> <span class='ocrx_word' id='word_1_179' title='bbox 697 2011 757 2050; x_wconf 91' lang='lat' dir='ltr'><strong>esse</strong></span> <span class='ocrx_word' id='word_1_180' title='bbox 774 1992 804 2049; x_wconf 92' lang='lat' dir='ltr'><strong>in</strong></span> <span class='ocrx_word' id='word_1_181' title='bbox 819 1991 969 2068; x_wconf 88' lang='lat' dir='ltr'><strong>providen-</strong></span> 
     </span>
     <span class='ocr_line' id='line_1_25' title="bbox 125 2071 968 2150; baseline -0.002 -20"><span class='ocrx_word' id='word_1_182' title='bbox 125 2075 171 2131; x_wconf 91' lang='lat' dir='ltr'><strong>dis</strong></span> <span class='ocrx_word' id='word_1_183' title='bbox 187 2073 271 2131; x_wconf 91' lang='lat' dir='ltr'><strong>rebus</strong></span> <span class='ocrx_word' id='word_1_184' title='bbox 288 2072 448 2150; x_wconf 82' lang='lat' dir='ltr'><strong>augurandi</strong></span> <span class='ocrx_word' id='word_1_185' title='bbox 463 2071 764 2130; x_wconf 87' lang='lat' dir='ltr'><strong>scientiam-errabat</strong></span> <span class='ocrx_word' id='word_1_186' title='bbox 778 2073 855 2130; x_wconf 89' lang='lat' dir='ltr'><strong>enim</strong></span> <span class='ocrx_word' id='word_1_187' title='bbox 868 2072 968 2129; x_wconf 90' lang='lat' dir='ltr'><strong>multis</strong></span> 
     </span>
     <span class='ocr_line' id='line_1_26' title="bbox 125 2151 969 2229; baseline -0.006 -17"><span class='ocrx_word' id='word_1_188' title='bbox 125 2154 156 2212; x_wconf 93' lang='lat' dir='ltr'><strong>in</strong></span> <span class='ocrx_word' id='word_1_189' title='bbox 173 2153 258 2212; x_wconf 88' lang='lat' dir='ltr'><strong>rebus</strong></span> <span class='ocrx_word' id='word_1_190' title='bbox 274 2153 558 2229; x_wconf 87' lang='lat' dir='ltr'><strong>antiquitas-quam</strong></span> <span class='ocrx_word' id='word_1_191' title='bbox 574 2151 619 2208; x_wconf 89' lang='lat' dir='ltr'><strong>vel</strong></span> <span class='ocrx_word' id='word_1_192' title='bbox 636 2171 689 2209; x_wconf 94' lang='lat' dir='ltr'><strong>usu</strong></span> <span class='ocrx_word' id='word_1_193' title='bbox 704 2152 760 2208; x_wconf 89' lang='lat' dir='ltr'><strong>iam</strong></span> <span class='ocrx_word' id='word_1_194' title='bbox 779 2152 823 2209; x_wconf 93' lang='lat' dir='ltr'><strong>vel</strong></span> <span class='ocrx_word' id='word_1_195' title='bbox 838 2152 969 2209; x_wconf 86' lang='lat' dir='ltr'><strong>doctrina</strong></span> 
     </span>
     <span class='ocr_line' id='line_1_27' title="bbox 125 2231 968 2292; baseline -0.004 -2"><span class='ocrx_word' id='word_1_196' title='bbox 125 2233 171 2291; x_wconf 89' lang='lat' dir='ltr'><strong>vel</strong></span> <span class='ocrx_word' id='word_1_197' title='bbox 185 2240 325 2292; x_wconf 85' lang='lat' dir='ltr'><strong>vetustate</strong></span> <span class='ocrx_word' id='word_1_198' title='bbox 336 2234 518 2290; x_wconf 87' lang='lat' dir='ltr'><strong>immutatam</strong></span> <span class='ocrx_word' id='word_1_199' title='bbox 533 2231 671 2288; x_wconf 89' lang='lat' dir='ltr'><strong>videmus.</strong></span> <span class='ocrx_word' id='word_1_200' title='bbox 709 2231 861 2289; x_wconf 85' lang='lat' dir='ltr'><strong>Retinetur</strong></span> <span class='ocrx_word' id='word_1_201' title='bbox 871 2239 968 2288; x_wconf 89' lang='lat' dir='ltr'><strong>autem</strong></span> 
     </span>
     <span class='ocr_line' id='line_1_28' title="bbox 125 2311 968 2390; baseline -0.004 -20"><span class='ocrx_word' id='word_1_202' title='bbox 125 2320 156 2370; x_wconf 87' lang='lat' dir='ltr'><strong>et</strong></span> <span class='ocrx_word' id='word_1_203' title='bbox 169 2313 206 2370; x_wconf 83' lang='lat' dir='ltr'><strong>ad</strong></span> <span class='ocrx_word' id='word_1_204' title='bbox 217 2314 383 2390; x_wconf 90' lang='lat' dir='ltr'><strong>opinionem</strong></span> <span class='ocrx_word' id='word_1_205' title='bbox 397 2311 476 2388; x_wconf 88' lang='lat' dir='ltr'><strong>vulgi</strong></span> <span class='ocrx_word' id='word_1_206' title='bbox 491 2318 520 2369; x_wconf 90' lang='lat' dir='ltr'><strong>et</strong></span> <span class='ocrx_word' id='word_1_207' title='bbox 534 2311 571 2368; x_wconf 88' lang='lat' dir='ltr'><strong>ad</strong></span> <span class='ocrx_word' id='word_1_208' title='bbox 581 2329 699 2386; x_wconf 87' lang='lat' dir='ltr'><strong>magnas</strong></span> <span class='ocrx_word' id='word_1_209' title='bbox 712 2311 852 2369; x_wconf 87' lang='lat' dir='ltr'><strong>utilitates</strong></span> <span class='ocrx_word' id='word_1_210' title='bbox 866 2312 906 2368; x_wconf 87' lang='lat' dir='ltr'><strong>rei</strong></span> <span class='ocrx_word' id='word_1_211' title='bbox 918 2331 968 2387; x_wconf 92' lang='lat' dir='ltr'><strong>pu-</strong></span> 
     </span>
     <span class='ocr_line' id='line_1_29' title="bbox 124 2391 969 2470; baseline -0.001 -21"><span class='ocrx_word' id='word_1_212' title='bbox 124 2393 216 2451; x_wconf 86' lang='lat' dir='ltr'><strong>blicae</strong></span> <span class='ocrx_word' id='word_1_213' title='bbox 236 2413 308 2465; x_wconf 88' lang='lat' dir='ltr'><strong>mos,</strong></span> <span class='ocrx_word' id='word_1_214' title='bbox 323 2392 433 2470; x_wconf 77' lang='lat' dir='ltr'><strong>religia,</strong></span> <span class='ocrx_word' id='word_1_215' title='bbox 449 2391 669 2468; x_wconf 69' lang='lat' dir='ltr'><strong>disciplinatus</strong></span> <span class='ocrx_word' id='word_1_216' title='bbox 690 2409 839 2467; x_wconf 89' lang='lat' dir='ltr'><strong>augurum,</strong></span> <span class='ocrx_word' id='word_1_217' title='bbox 855 2391 969 2467; x_wconf 89' lang='lat' dir='ltr'><strong>collegii</strong></span> 
     </span>
     <span class='ocr_line' id='line_1_30' title="bbox 125 2469 968 2547; baseline -0.004 -17"><span class='ocrx_word' id='word_1_218' title='bbox 125 2473 288 2532; x_wconf 87' lang='lat' dir='ltr'><strong>auotoritas.</strong></span> <span class='ocrx_word' id='word_1_219' title='bbox 332 2473 377 2530; x_wconf 81' lang='lat'><strong>71.</strong></span> <span class='ocrx_word' id='word_1_220' title='bbox 401 2473 429 2529; x_wconf 92' lang='lat' dir='ltr'>N</span> <span class='ocrx_word' id='word_1_221' title='bbox 431 2491 461 2529; x_wconf 93' lang='lat' dir='ltr'><strong>ec</strong></span> <span class='ocrx_word' id='word_1_222' title='bbox 479 2491 545 2530; x_wconf 90' lang='lat' dir='ltr'><strong>vero</strong></span> <span class='ocrx_word' id='word_1_223' title='bbox 563 2489 621 2527; x_wconf 93' lang='lat' dir='ltr'><strong>non</strong></span> <span class='ocrx_word' id='word_1_224' title='bbox 637 2470 716 2526; x_wconf 92' lang='lat' dir='ltr'><strong>omni</strong></span> <span class='ocrx_word' id='word_1_225' title='bbox 731 2469 871 2546; x_wconf 88' lang='lat' dir='ltr'><strong>supplicio</strong></span> <span class='ocrx_word' id='word_1_226' title='bbox 886 2470 968 2547; x_wconf 84' lang='lat' dir='ltr'><strong>digni</strong></span> 
     </span>
     <span class='ocr_line' id='line_1_31' title="bbox 125 2549 969 2626; baseline -0.005 -16"><span class='ocrx_word' id='word_1_227' title='bbox 125 2553 158 2610; x_wconf 94' lang='lat' dir='ltr'><strong>P.</strong></span> <span class='ocrx_word' id='word_1_228' title='bbox 175 2552 312 2610; x_wconf 82' lang='lat' dir='ltr'><strong>Claudius</strong></span> <span class='ocrx_word' id='word_1_229' title='bbox 329 2551 359 2610; x_wconf 92' lang='lat' dir='ltr'><strong>L.</strong></span> <span class='ocrx_word' id='word_1_230' title='bbox 378 2552 476 2609; x_wconf 90' lang='lat' dir='ltr'><strong>Iunius</strong></span> <span class='ocrx_word' id='word_1_231' title='bbox 497 2550 634 2620; x_wconf 86' lang='lat' dir='ltr'><strong>consules,</strong></span> <span class='ocrx_word' id='word_1_232' title='bbox 652 2550 702 2626; x_wconf 91' lang='lat' dir='ltr'><strong>qui</strong></span> <span class='ocrx_word' id='word_1_233' title='bbox 723 2556 822 2607; x_wconf 86' lang='lat' dir='ltr'><strong>contra</strong></span> <span class='ocrx_word' id='word_1_234' title='bbox 842 2549 969 2626; x_wconf 86' lang='lat' dir='ltr'><strong>auspicia</strong></span> 
     </span>
     <span class='ocr_line' id='line_1_32' title="bbox 124 2629 969 2710; baseline -0.002 -22"><span class='ocrx_word' id='word_1_235' title='bbox 124 2632 304 2710; x_wconf 87' lang='lat' dir='ltr'><strong>navigarunt.</strong></span> <span class='ocrx_word' id='word_1_236' title='bbox 346 2632 510 2689; x_wconf 87' lang='lat' dir='ltr'><strong>Parendum</strong></span> <span class='ocrx_word' id='word_1_237' title='bbox 532 2631 608 2687; x_wconf 90' lang='lat' dir='ltr'><strong>enim</strong></span> <span class='ocrx_word' id='word_1_238' title='bbox 629 2631 688 2687; x_wconf 87' lang='lat' dir='ltr'><strong>fuit</strong></span> <span class='ocrx_word' id='word_1_239' title='bbox 704 2629 836 2706; x_wconf 87' lang='lat' dir='ltr'><strong>religioni</strong></span> <span class='ocrx_word' id='word_1_240' title='bbox 852 2648 904 2686; x_wconf 90' lang='lat' dir='ltr'><strong>nec</strong></span> <span class='ocrx_word' id='word_1_241' title='bbox 920 2649 969 2706; x_wconf 88' lang='lat' dir='ltr'><strong>pa-</strong></span> 
     </span>
     <span class='ocr_line' id='line_1_33' title="bbox 124 2707 969 2788; baseline -0.005 -19"><span class='ocrx_word' id='word_1_242' title='bbox 124 2713 198 2769; x_wconf 90' lang='lat' dir='ltr'><strong>trius</strong></span> <span class='ocrx_word' id='word_1_243' title='bbox 214 2731 278 2770; x_wconf 89' lang='lat' dir='ltr'><strong>mos</strong></span> <span class='ocrx_word' id='word_1_244' title='bbox 294 2719 354 2769; x_wconf 89' lang='lat' dir='ltr'><strong>tam</strong></span> <span class='ocrx_word' id='word_1_245' title='bbox 372 2711 579 2769; x_wconf 87' lang='lat' dir='ltr'><strong>contumaciter</strong></span> <span class='ocrx_word' id='word_1_246' title='bbox 595 2709 795 2788; x_wconf 91' lang='lat' dir='ltr'><strong>repudiandus.</strong></span> <span class='ocrx_word' id='word_1_247' title='bbox 838 2707 902 2766; x_wconf 90' lang='lat' dir='ltr'><strong>Iure</strong></span> <span class='ocrx_word' id='word_1_248' title='bbox 916 2710 969 2785; x_wconf 89' lang='lat' dir='ltr'><strong>igi-</strong></span> 
     </span>
     <span class='ocr_line' id='line_1_34' title="bbox 124 2789 968 2870; baseline -0.004 -22"><span class='ocrx_word' id='word_1_249' title='bbox 124 2797 174 2849; x_wconf 91' lang='lat' dir='ltr'><strong>tur</strong></span> <span class='ocrx_word' id='word_1_250' title='bbox 189 2792 260 2850; x_wconf 87' lang='lat' dir='ltr'><strong>alter</strong></span> <span class='ocrx_word' id='word_1_251' title='bbox 275 2791 377 2868; x_wconf 91' lang='lat' dir='ltr'><strong>populi</strong></span> <span class='ocrx_word' id='word_1_252' title='bbox 393 2791 500 2849; x_wconf 92' lang='lat' dir='ltr'><strong>iudicio</strong></span> <span class='ocrx_word' id='word_1_253' title='bbox 522 2790 675 2870; x_wconf 87' lang='lat' dir='ltr'><strong>damnatus</strong></span> <span class='ocrx_word' id='word_1_254' title='bbox 691 2797 742 2862; x_wconf 89' lang='lat' dir='ltr'><strong>est,</strong></span> <span class='ocrx_word' id='word_1_255' title='bbox 758 2789 829 2847; x_wconf 86' lang='lat' dir='ltr'><strong>alter</strong></span> <span class='ocrx_word' id='word_1_256' title='bbox 845 2795 968 2845; x_wconf 91' lang='lat' dir='ltr'><strong>mortem</strong></span> 
     </span>
     <span class='ocr_line' id='line_1_35' title="bbox 126 2869 966 2949; baseline -0.002 -21"><span class='ocrx_word' id='word_1_257' title='bbox 126 2872 257 2949; x_wconf 84' lang='lat' dir='ltr'><strong>sibiipsa</strong></span> <span class='ocrx_word' id='word_1_258' title='bbox 273 2871 420 2930; x_wconf 91' lang='lat' dir='ltr'><strong>conscivit.</strong></span> <span class='ocrx_word' id='word_1_259' title='bbox 463 2869 620 2927; x_wconf 88' lang='lat' dir='ltr'><strong>Flaminius</strong></span> <span class='ocrx_word' id='word_1_260' title='bbox 636 2889 695 2927; x_wconf 93' lang='lat' dir='ltr'><strong>non</strong></span> <span class='ocrx_word' id='word_1_261' title='bbox 712 2870 808 2946; x_wconf 89' lang='lat' dir='ltr'><strong>paruit</strong></span> <span class='ocrx_word' id='word_1_262' title='bbox 825 2869 966 2945; x_wconf 90' lang='lat' dir='ltr'><strong>auspiciis.</strong></span> 
     </span>
     <span class='ocr_line' id='line_1_36' title="bbox 125 2948 969 3029; baseline -0.006 -20"><span class='ocrx_word' id='word_1_263' title='bbox 125 2951 226 3028; x_wconf 88' lang='lat' dir='ltr'><strong>Itaque</strong></span> <span class='ocrx_word' id='word_1_264' title='bbox 247 2952 334 3029; x_wconf 90' lang='lat' dir='ltr'><strong>periit</strong></span> <span class='ocrx_word' id='word_1_265' title='bbox 354 2970 419 3008; x_wconf 92' lang='lat' dir='ltr'><strong>cum</strong></span> <span class='ocrx_word' id='word_1_266' title='bbox 441 2951 574 3008; x_wconf 86' lang='lat' dir='ltr'><strong>exercitu.</strong></span> <span class='ocrx_word' id='word_1_267' title='bbox 617 2949 659 3008; x_wconf 89' lang='lat' dir='ltr'><strong>At</strong></span> <span class='ocrx_word' id='word_1_268' title='bbox 676 2969 751 3007; x_wconf 90' lang='lat' dir='ltr'><strong>anno</strong></span> <span class='ocrx_word' id='word_1_269' title='bbox 768 2955 835 3026; x_wconf 90' lang='lat' dir='ltr'><strong>post</strong></span> <span class='ocrx_word' id='word_1_270' title='bbox 851 2948 969 3005; x_wconf 89' lang='lat' dir='ltr'><strong>Paullus</strong></span> 
     </span>
     <span class='ocr_line' id='line_1_37' title="bbox 125 3029 968 3109; baseline -0.006 -20"><span class='ocrx_word' id='word_1_271' title='bbox 125 3033 228 3109; x_wconf 88' lang='lat' dir='ltr'><strong>paruit.</strong></span> <span class='ocrx_word' id='word_1_272' title='bbox 272 3031 350 3088; x_wconf 91' lang='lat' dir='ltr'><strong>Num</strong></span> <span class='ocrx_word' id='word_1_273' title='bbox 365 3031 460 3088; x_wconf 89' lang='lat' dir='ltr'><strong>minus</strong></span> <span class='ocrx_word' id='word_1_274' title='bbox 474 3030 622 3087; x_wconf 87' lang='lat' dir='ltr'><strong>occidit-in</strong></span> <span class='ocrx_word' id='word_1_275' title='bbox 637 3029 780 3087; x_wconf 81' lang='lat' dir='ltr'><strong>Cannensi</strong></span> <span class='ocrx_word' id='word_1_276' title='bbox 790 3047 889 3106; x_wconf 91' lang='lat' dir='ltr'><strong>pugna</strong></span> <span class='ocrx_word' id='word_1_277' title='bbox 902 3047 968 3085; x_wconf 91' lang='lat' dir='ltr'><strong>cum</strong></span> 
     </span>
     <span class='ocr_line' id='line_1_38' title="bbox 125 3109 967 3186; baseline -0.005 -18"><span class='ocrx_word' id='word_1_278' title='bbox 125 3113 269 3170; x_wconf 76' lang='lat' dir='ltr'><strong>exercitui</strong></span> <span class='ocrx_word' id='word_1_279' title='bbox 310 3111 434 3182; x_wconf 88' lang='lat' dir='ltr'><strong>Etenim,</strong></span> <span class='ocrx_word' id='word_1_280' title='bbox 447 3117 480 3167; x_wconf 93' lang='lat' dir='ltr'><strong>ut</strong></span> <span class='ocrx_word' id='word_1_281' title='bbox 494 3109 551 3167; x_wconf 91' lang='lat' dir='ltr'><strong>sint</strong></span> <span class='ocrx_word' id='word_1_282' title='bbox 567 3109 701 3186; x_wconf 90' lang='lat' dir='ltr'><strong>auspicia,</strong></span> <span class='ocrx_word' id='word_1_283' title='bbox 715 3129 786 3185; x_wconf 89' lang='lat' dir='ltr'><strong>quae</strong></span> <span class='ocrx_word' id='word_1_284' title='bbox 801 3109 879 3166; x_wconf 86' lang='lat' dir='ltr'><strong>nulla</strong></span> <span class='ocrx_word' id='word_1_285' title='bbox 892 3114 967 3178; x_wconf 89' lang='lat' dir='ltr'><strong>sunt,</strong></span> 
     </span>
    </p>
   </div>
   <div class='ocr_carea' id='block_1_5' title="bbox 124 3189 968 3316">
    <p class='ocr_par' dir='ltr' id='par_1_6' title="bbox 124 3189 968 3316">
     <span class='ocr_line' id='line_1_39' title="bbox 124 3189 968 3266; baseline -0.005 -17"><span class='ocrx_word' id='word_1_286' title='bbox 124 3191 195 3249; x_wconf 87' lang='lat' dir='ltr'><strong>haec</strong></span> <span class='ocrx_word' id='word_1_287' title='bbox 212 3200 296 3262; x_wconf 90' lang='lat' dir='ltr'><strong>certe,</strong></span> <span class='ocrx_word' id='word_1_288' title='bbox 310 3190 414 3266; x_wconf 92' lang='lat' dir='ltr'><strong>quibus</strong></span> <span class='ocrx_word' id='word_1_289' title='bbox 431 3190 547 3262; x_wconf 89' lang='lat' dir='ltr'><strong>utimur,</strong></span> <span class='ocrx_word' id='word_1_290' title='bbox 560 3190 618 3248; x_wconf 89' lang='lat' dir='ltr'><strong>sive</strong></span> <span class='ocrx_word' id='word_1_291' title='bbox 635 3190 763 3266; x_wconf 90' lang='lat' dir='ltr'><strong>tripudio</strong></span> <span class='ocrx_word' id='word_1_292' title='bbox 781 3189 839 3246; x_wconf 87' lang='lat' dir='ltr'><strong>sive</strong></span> <span class='ocrx_word' id='word_1_293' title='bbox 857 3189 892 3246; x_wconf 91' lang='lat' dir='ltr'><strong>de</strong></span> <span class='ocrx_word' id='word_1_294' title='bbox 909 3208 968 3246; x_wconf 84' lang='lat' dir='ltr'><strong>cae-</strong></span> 
     </span>
     <span class='ocr_line' id='line_1_40' title="bbox 200 3273 227 3316; baseline -0.074 0"><span class='ocrx_word' id='word_1_295' title='bbox 200 3273 227 3316; x_wconf 76' lang='lat'><strong>18</strong></span> 
     </span>
    </p>
   </div>
   <div class='ocr_carea' id='block_1_6' title="bbox 0 0 1116 3446">
    <p class='ocr_par' dir='ltr' id='par_1_7' title="bbox 0 0 1116 3446">
     <span class='ocr_line' id='line_1_41' title="bbox 0 0 1116 3446; baseline 0 0"><span class='ocrx_word' id='word_1_296' title='bbox 0 0 1116 3446; x_wconf 95' lang='lat' dir='ltr'><strong> </strong></span> 
     </span>
    </p>
   </div>
  </div>
 </body>
</html>
