2220 3432
342 405 385 468 M.
407 403 555 467 TULLII
577 401 812 465 CICERONIS

216 577 301 658 DE
336 576 615 658 NATURA
643 573 932 654 DEORUM

424 735 724 814 rochabrun

359 921 534 983 LIBER
566 920 790 982 PRIMUS.

421 1175 724 1224 ARGUMENTUM.

184 1275 215 1324 In
228 1274 265 1322 bis
274 1274 351 1334 libris,
360 1274 386 1322 in
396 1275 484 1336 quibus
494 1274 582 1323 Cicero
593 1273 640 1321 sibi
652 1287 751 1320 omnem
763 1271 814 1320 fere
823 1280 932 1320 reterum
942 1273 996 1335 phi-

152 1339 310 1402 losophorum
321 1341 351 1388 de
362 1346 454 1387 notura
466 1338 561 1386 deorum
573 1338 712 1387 doctrinam
723 1337 898 1399 explicandam
912 1354 994 1398 sump-

152 1405 191 1463 sit,
204 1407 267 1453 hanc
287 1415 373 1454 auctor
390 1405 513 1452 rationem
531 1413 629 1452 secutus
644 1411 689 1462 est,
701 1412 736 1462 ut,
749 1418 812 1465 quae
830 1403 946 1464 Epicurei
963 1403 995 1450 de

152 1479 242 1518 natura
251 1471 354 1519 deorum
364 1470 512 1526 docuissent,
523 1485 553 1516 ea
563 1469 592 1517 C.
604 1468 709 1528 Velleio,
719 1468 740 1515 ei
754 1469 796 1530 qui
807 1483 872 1516 auno
881 1485 905 1516 ιι.
915 1483 935 1516 c.
947 1471 994 1516 tut

152 1537 306 1584 tribunatum
325 1536 432 1584 obtiuuit
448 1544 474 1584 et
490 1535 549 1583 clari
563 1533 628 1581 illius
646 1533 748 1580 oratoris
763 1534 791 1581 L.
804 1533 894 1580 Licinii
912 1534 995 1581 Crassi

152 1601 280 1648 familiaris
293 1601 368 1649 fuisse
382 1600 528 1660 dicitur‚lib.
538 1598 567 1646 de
577 1605 674 1647 oratore
686 1599 748 1656 111..
759 1613 811 1659 cap.
824 1601 863 1658 21,
876 1597 890 1656 ἓ
901 1601 940 1656 78,
951 1614 995 1646 ex-

151 1665 268 1728 ponenda
283 1667 399 1726 traderet,
410 1681 467 1714 cum
480 1666 532 1727 ipse
549 1663 693 1712 Phaedrum
705 1663 894 1724 Atheniensem,
905 1664 947 1726 qui
965 1664 993 1711 li-

152 1733 224 1780 brum
239 1732 294 1794 περὶ
307 1732 372 1780 θεῶν
389 1731 527 1792 scripserat,
539 1731 564 1778 in
579 1729 625 1777 lrac
640 1738 710 1790 parte
725 1729 909 1787 conscribenda,
920 1738 948 1776 ιιι
959 1729 995 1777 ri-

152 1796 232 1858 detur,
247 1805 395 1858 sequeretur,
409 1811 439 1844 ea
456 1805 547 1856 autem,
563 1810 626 1858 quae
643 1795 720 1844 Stoici
738 1795 769 1842 de
786 1803 875 1842 natura
892 1795 994 1842 deornm

151 1861 339 1924 praecepissent,
354 1873 382 1908 nt
399 1861 429 1920 Q.
445 1860 542 1908 Lucilio
560 1860 648 1919 Balbo,
663 1875 736 1922 quem
755 1860 861 1908 eundem
878 1859 954 1908 etiam
969 1861 994 1906 iu

152 1927 287 1975 HortensIo
298 1927 441 1990 loquentem
453 1927 593 1985 induxerat,
604 1925 751 1986 explicanda
763 1925 841 1984 daret,
852 1925 911 1985 ipse,
922 1936 948 1972 ut
960 1926 994 1972 ri-

152 1992 232 2052 detur,
243 1992 268 2040 in
283 1991 329 2039 Irae
341 2000 411 2054 parte
424 1991 595 2053 componenda
606 1990 734 2038 Posidonii
746 1991 838 2038 Rhodii
853 1989 927 2038 libros
939 1993 994 2052 περὶ

151 2057 217 2106 θεῶν
229 2064 335 2106 secutus.
372 2057 466 2105 Contra
475 2057 519 2105 lros
530 2057 566 2104 ita
577 2056 744 2118 disputantem
757 2056 816 2104 fecit
825 2057 854 2104 C.
863 2056 993 2104 Aurelium

153 2122 262 2182 Cottam,
272 2131 396 2170 oratorem
413 2137 463 2169 non
479 2122 621 2182 ignobilem,
632 2137 689 2168 enm
707 2121 750 2184 qui
768 2130 840 2168 natus
854 2136 920 2168 antro
934 2137 958 2169 ιι,
970 2137 991 2168 c.

152 2190 209 2248 630,
219 2202 285 2235 anno
302 2197 385 2236 antem
400 2190 457 2247 663,
468 2202 525 2234 curn
543 2187 695 2234 tribunatum
708 2194 809 2248 peteret,
819 2197 874 2246 post
888 2197 993 2234 mortem

152 2253 236 2302 Crassi
256 2253 371 2315 depulsus
388 2267 431 2316 per
447 2252 568 2300 invidiam
584 2252 710 2300 tribunatu
728 2259 753 2300 et
769 2252 823 2311 lege
841 2253 920 2299 Varia
939 2267 994 2299 rens

152 2319 289 2366 maiestatis
306 2319 386 2366 factus
403 2327 428 2366 et
444 2333 459 2365 e
475 2317 574 2366 civitate
592 2318 684 2366 eiectas
698 2317 722 2365 in
742 2317 847 2366 Graecia
863 2317 889 2364 in
907 2318 995 2364 exsilio

152 2384 224 2444 vixit,
235 2398 301 2432 anno
314 2394 398 2432 autem
410 2386 466 2444 672,
475 2399 533 2431 cum
546 2384 575 2431 L.
586 2383 654 2432 Sulla
665 2383 737 2430 rediit
749 2392 773 2430 et
785 2398 843 2430 cum
855 2383 883 2430 L.
891 2382 995 2432 Octavio

152 2449 240 2497 consul
254 2449 302 2497 fuit
318 2465 383 2497 anno
400 2466 424 2497 u.
437 2465 457 2498 c.
469 2451 525 2509 679,
536 2457 563 2496 ιιι
580 2450 607 2508 is,
619 2463 683 2510 quae
697 2447 842 2496 Academici
858 2448 888 2495 de
905 2457 995 2496 natura

152 2515 256 2562 deorum
270 2515 417 2573 docuissent,
430 2523 571 2580 enarraret:
591 2513 616 2560 in
630 2528 735 2575 quorum
746 2513 884 2583 praeceptis
897 2513 994 2560 traden-

152 2580 191 2627 dis
205 2580 292 2628 Cicero
305 2581 365 2643 ipse,
377 2590 403 2628 ut
414 2580 518 2640 ridetur,
530 2573 679 2627 Clitomachi
690 2577 906 2638 Karthaginiensis
919 2577 995 2626 libros

152 2654 251 2693 secutus
263 2653 308 2695 est.
338 2647 393 2694 Hos
405 2655 453 2694 tres
465 2645 576 2692 homines
588 2644 655 2706 apud
666 2644 695 2692 C.
708 2644 809 2692 Cottam
821 2643 887 2690 feriis
897 2643 995 2692 Latinis

152 2725 245 2758 aunum
258 2710 322 2760 inter
333 2726 357 2760 ιι.
369 2727 390 2759 c.
402 2713 450 2760 676
464 2720 489 2771 et
503 2725 596 2757 annrrm
608 2711 665 2769 679,
675 2710 738 2756 inter
752 2709 822 2756 sede
836 2717 925 2756 natura
937 2709 995 2756 deo-

152 2791 207 2822 rum
219 2775 385 2838 colloquentes
395 2775 462 2835 facit,
473 2776 527 2838 ipso
541 2775 664 2833 audiente,
675 2775 717 2836 qui
729 2773 803 2836 paulo
814 2783 872 2821 ante
884 2774 910 2820 in
920 2773 995 2822 Grae·

153 2841 193 2889 cia
210 2841 291 2889 studio
308 2841 475 2904 philosophiae
492 2855 593 2902 oporam
611 2840 720 2887 dederat.
766 2839 894 2888 Scribebat
911 2847 994 2886 autem

152 2905 199 2952 hos
210 2905 292 2965 libros
304 2915 331 2954 ut
341 2907 423 2966 colligi
434 2915 515 2967 potest
525 2920 558 2952 ex
570 2905 640 2966 epist.
653 2903 688 2950 ad
695 2903 807 2951 Atticum
819 2903 859 2952 lib.
870 2905 946 2952 XIII.
957 2919 993 2965 ep.

153 2973 194 3031 39,
205 2970 218 3028 ξ
232 2975 255 3033 2,
265 2972 306 3020 ubi
321 2973 383 3035 petit
396 2981 424 3020 ut
435 2971 477 3018 ille
490 2971 536 3018 sibi
550 2971 635 3018 mittat
644 2969 720 3016 libros
732 2969 840 3016 Phaedri
853 2969 907 3032 περὶ
919 2969 991 3028 θεῶν,

153 3045 247 3086 aestate
256 3038 313 3085 anni
324 3054 347 3086 ιι.
358 3053 379 3086 c.
391 3040 447 3096 769,
457 3036 561 3084 absolvit
570 3045 635 3082 certe
644 3043 702 3081 ante
711 3034 771 3082 Idus
779 3034 860 3081 Maias
870 3033 928 3080 anni
937 3049 959 3081 u.
970 3048 992 3082 c.

154 3105 210 3161 716,
220 3112 247 3151 ut
259 3103 409 3163 intellegitur
420 3118 453 3151 ex
464 3102 506 3149 lib.
516 3102 545 3160 I.,
558 3115 610 3162 cap.
623 3101 647 3158 4,
659 3098 672 3156 ᾖ
683 3102 704 3147 7.
737 3100 768 3145 ln
780 3100 826 3146 hoc
838 3107 920 3146 autem
933 3097 995 3144 libro

153 3167 234 3228 primu
251 3168 280 3216 de
297 3176 389 3218 actara
407 3166 511 3227 deorum,
526 3180 587 3228 quos
604 3165 673 3212 misit
689 3163 721 3211 ad
738 3164 775 3212 M.
790 3165 906 3224 Brutum,
920 3176 994 3224 quem

1022 3277 1099 3398 A
