2220 3432
251 115 321 165 LlB.
337 115 370 176 1.,
382 115 460 165 CAP.
477 114 831 177 mr11.-xxrv.,§coa7.
933 117 965 164 25

121 215 198 285 Quid
219 216 256 274 de
276 216 428 294 sacrilegis,
441 217 511 294 quid
528 217 564 274 de
581 217 680 294 impiis
696 216 874 294 periurisque
891 217 966 276 dice-

119 299 202 355 mUS?
413 354 524 402 Tubulus
536 355 557 402 si
568 355 660 402 Lucius
672 370 799 417 umquam,

283 419 311 470 Si
321 419 407 483 Lupus
418 429 461 468 aut
471 420 552 468 Curbo
563 429 606 468 aut
617 421 727 483 Neptuni
738 420 811 481 filius,

117 545 152 596 ut
169 538 210 596 ait
226 537 360 608 Lucilius,
370 544 500 614 putasset
521 557 581 594 esse
602 537 679 609 deos,
690 544 750 594 tarn
767 539 898 615 periurus
914 546 964 597 aut

117 625 179 676 tam
193 620 323 696 impurus
336 618 457 675 fuisset?
491 622 537 675 64.
555 618 585 675 N
586 637 623 675 on
638 626 681 675 est
696 618 784 694 igitur
794 626 852 675 tam
868 618 964 695 explo-

116 706 180 757 rata
190 699 245 756 istu
259 698 332 756 ratio
343 697 379 754 ad
390 697 429 768 id,
441 697 520 775 quod
530 697 624 770 vultis,
635 697 861 755 confirmandum
877 718 963 776 quam

117 779 240 836 videtur.
283 778 341 836 Sed
362 778 429 855 quia
450 797 603 836 commune
619 778 675 835 hoc
696 786 739 835 est
760 786 962 855 argumentum

116 859 239 916 aliorum
251 859 338 916 otiam
349 857 597 935 philosophorum,
605 858 738 915 omittam
748 858 803 916 hoc
813 866 961 936 tempore:

116 939 155 996 ad
169 947 262 996 restra
276 939 392 1015 propria
405 939 501 995 venire
517 937 600 996 malo.

158 1025 205 1077 65.
224 1019 359 1076 Concedo
375 1037 434 1076 esse
449 1017 533 1075 deos:
551 1017 622 1074 doce
636 1037 683 1075 me
699 1018 789 1094 igitur
803 1017 879 1076 unde
894 1018 959 1089 sint,

115 1098 167 1155 ubi
182 1099 247 1169 sint,
260 1098 357 1175 quales
368 1098 426 1154 sint
437 1116 563 1174 corpore,
576 1098 682 1169 anim0,
692 1099 759 1156 vita
791 1097 872 1156 llaec
883 1099 961 1156 enim

115 1179 187 1236 scire
202 1178 341 1236 desidero.
379 1177 518 1235 Abuteris
531 1178 568 1234 ad
582 1179 680 1236 omnia
693 1186 856 1236 atomorum
871 1197 960 1255 regno

115 1266 145 1316 et
159 1259 282 1317 licentia
317 1257 395 1315 Hiuc
410 1257 611 1334 quodcumque
626 1259 655 1314 in
670 1259 762 1316 solum
774 1259 860 1330 venit,
873 1266 906 1316 ut
919 1258 961 1315 di-

114 1339 198 1408 eitur,
209 1337 320 1414 effingis
331 1344 417 1415 atquc
426 1337 521 1396 efficis.
551 1336 630 1406 Quae
641 1339 767 1416 primurn
778 1338 872 1396 nullae
883 1346 957 1396 sunt.

114 1418 197 1475 Nihil
213 1425 255 1476 cst
269 1418 346 1476 enim
361 1417 440 1494 quod
451 1425 531 1475 vacet
542 1437 668 1495 corpore,
681 1417 849 1494 corporibus
863 1426 958 1475 autem

114 1499 211 1555 omnis
228 1497 376 1555 obsidetur
392 1497 487 1554 locus:
510 1498 551 1554 ita
571 1497 682 1554 nullum
703 1499 796 1568 inane,
808 1497 882 1554 nihil
898 1516 959 1554 esse

114 1578 297 1636 individuum
319 1585 423 1654 potest.
469 1576 583 1635 XXIV.
633 1583 680 1636 66.
702 1577 783 1634 Haec
806 1596 860 1653 ego
882 1596 959 1634 nunc

113 1658 301 1736 physicorum
319 1657 434 1714 oraculo
450 1657 630 1729 fundavere
646 1677 682 1714 an
700 1657 772 1714 falsa
790 1656 895 1728 nescio,
908 1657 959 1714 sed

113 1739 175 1795 veri
189 1745 284 1796 tamen
300 1737 438 1794 similiora
452 1757 537 1815 quam
552 1744 652 1795 vestra
687 1737 747 1795 Ista
761 1737 838 1794 enim
849 1736 959 1814 flagitia

112 1818 285 1888 Democriti,
294 1818 353 1875 sive
366 1818 452 1874 etiam
470 1825 536 1874 ante
551 1817 698 1894 Leucippi,
714 1837 774 1875 osse
791 1817 959 1894 corpuscula

113 1898 257 1975 quaedam
272 1898 370 1968 laevia,
386 1897 442 1954 alia
455 1916 561 1974 aspera,
576 1899 701 1955 rotunda
715 1897 777 1969 alia,
788 1899 893 1974 partim
911 1917 958 1954 au·

112 1986 174 2036 tem
190 1977 331 2054 angulata,
344 1985 461 2034 curvata
475 1977 615 2054 quaedam
632 1986 661 2035 et
676 1978 756 2054 quasi
773 1978 900 2036 adunca:
923 1997 957 2035 cx

111 2058 160 2115 his
177 2059 310 2116 effectum
328 2076 387 2114 esse
402 2056 511 2115 caelum
526 2064 612 2134 atque
627 2064 731 2114 terram
746 2057 823 2114 nulla
837 2065 957 2135 cogente

111 2145 223 2208 natura,
244 2137 295 2196 sed
319 2156 458 2194 concursu
483 2137 608 2213 quodam
633 2137 763 2195 fortuitu.
816 2138 900 2194 Hanc
924 2147 958 2194 tu

112 2219 290 2295 opinionem,
303 2217 335 2275 Ο.
347 2217 448 2286 Vellei,
459 2237 549 2294 usque
563 2217 685 2274 adhunc
699 2225 822 2275 aetatem
836 2217 957 2294 perdux-

111 2299 170 2369 isti,
184 2299 319 2375 priusquo
340 2305 369 2355 te
391 2297 453 2373 quis
475 2297 511 2354 de
532 2297 611 2353 omni
626 2298 701 2355 vitae
723 2305 799 2355 statu
821 2317 905 2375 quam
921 2298 957 2355 de

111 2379 170 2436 ista
183 2378 354 2435 auctoritate
368 2377 510 2435 deiecerit.
553 2376 631 2434 Ante
649 2378 726 2434 enim
743 2377 876 2435 indicasti
890 2378 957 2455 Epi-

110 2477 230 2516 cureum
246 2465 276 2514 te
292 2476 353 2514 esse
371 2465 503 2533 oportere
520 2476 607 2534 quam
624 2457 680 2514 ista
699 2457 869 2534 cognovisti.
912 2457 958 2514 lta

111 2557 227 2595 necesse
247 2537 306 2594 fuit
326 2543 376 2594 aut
397 2537 465 2594 haec
487 2536 597 2614 flagitia
617 2538 767 2614 concipere
789 2537 885 2594 animo
907 2545 957 2594 aut

111 2625 261 2694 susceptae
277 2616 478 2694 philosophiae
499 2636 605 2674 nomen
627 2618 766 2675 amittere.
810 2616 855 2673 67.
878 2616 956 2684 Quid

110 2698 190 2756 enim
204 2717 314 2754 mereas
327 2704 361 2754 ut
374 2697 531 2773 Epicureus
546 2717 606 2756 esse
621 2697 752 2754 desinas?
785 2695 866 2754 Nihil
880 2696 957 2773 equi·

111 2778 188 2848 dem,
204 2777 309 2854 inquis,
327 2785 359 2833 ut
379 2777 521 2834 rationem
538 2778 613 2835 vitae
630 2777 730 2835 beatae
750 2776 957 2853 veritatemque

111 2858 249 2915 deseram.
284 2856 344 2914 Ista
354 2857 444 2932 igitur
458 2864 501 2915 ost
511 2858 633 2915 veritasl
666 2857 695 2914 N
696 2876 742 2913 am
757 2856 792 2914 de
803 2855 864 2913 vita
872 2855 958 2913 beata

111 2937 184 2995 nihil
197 2954 341 3014 repugno:
357 2955 443 3013 quarn
452 2943 485 2994 tu
496 2957 531 2994 ne
543 2938 572 2992 in
584 2937 639 2994 deo
651 2937 768 3012 quidem
779 2955 839 2993 esse
850 2955 955 3007 censes,

111 3017 169 3074 nisi
186 3017 271 3094 plane
288 3017 349 3074 otio
366 3016 508 3092 langueat.
551 3016 609 3074 Sed
630 3016 680 3072 ubi
702 3023 745 3072 est
759 3015 881 3073 veritas?
921 3015 956 3072 In

111 3097 238 3168 mundis,
264 3097 358 3167 credo,
384 3095 640 3154 innumerabilibus
668 3094 802 3152 omnibus
828 3094 957 3151 minimis

111 3185 276 3254 temporum
291 3177 406 3255 punctis
420 3175 483 3233 aliis
499 3174 690 3245 nascentibus,
702 3175 765 3231 aliis
779 3174 955 3231 cadentibus.
