2242 3436
332 140 402 191 LIB.
418 140 482 202 111,
497 140 574 190 CAP.
586 141 703 204 111.-v.,
715 139 730 201 §
742 144 815 193 7-13.
949 147 995 193 111

153 262 265 302 merum
279 242 380 314 solum,
394 243 442 300 sed
458 243 545 300 etiam
560 243 690 300 ordinem
705 251 939 320 argumentorum
953 251 997 303 tu·

153 343 244 381 orum.
287 322 419 380 Primum
443 321 509 395 fuit,
532 342 599 380 cum
626 323 735 380 caelum
764 325 995 401 suspexissemus,

153 404 252 461 statim
267 423 320 460 nos
334 403 499 480 intellegere
516 422 576 460 esse
592 402 711 480 aliquod
724 423 839 476 numen,
852 423 909 482 quo
926 405 996 463 hacc

152 491 295 561 regantur.
338 483 452 541 Euhoe
468 482 541 541 illud
555 483 659 540 etiam:

163 595 256 658 Aspice
266 595 313 644 hoc
325 595 445 643 sublimen
457 594 573 656 candens,
581 609 656 658 quem
666 595 783 645 invocant
794 610 880 646 omues
891 597 985 647 Iovem.

154 723 201 774 11.
232 715 320 784 Quasi
347 734 414 772 vero
445 715 596 792 quisquam
624 721 755 772 nostrum
783 715 871 773 istum
899 717 997 793 potius

153 816 239 874 quam
261 794 460 872 Capitolinum
481 794 580 852 Iovem
601 794 727 873 appellet
747 802 797 854 aut
815 795 871 853 hoc
890 797 998 873 perspi-

153 895 239 934 cuum
254 876 291 934 sit
304 881 473 952 constetque
487 875 562 933 inter·
576 895 684 946 omnes,
697 894 746 933 eos
760 894 820 934 esse
834 875 911 948 deos,
924 895 997 953 quos

152 955 208 1014 tibi
228 955 356 1014 Velleius
376 954 518 1032 multique
537 962 683 1031 praeterea
698 974 735 1013 ne
755 956 915 1014 animantes
937 956 997 1032 qui-

152 1036 220 1094 dem
234 1055 295 1093 esse
309 1033 475 1093 concedant
517 1034 610 1092 Grave
625 1035 712 1093 etiam
726 1035 997 1112 argumentumtibi

152 1115 310 1187 videbatur,
323 1114 402 1192 quod
416 1115 515 1191 opinio
529 1115 566 1172 de
579 1114 625 1172 dis
638 1115 849 1173 immortalibus
863 1122 892 1173 et
907 1116 997 1172 omni-

152 1215 204 1253 um
224 1202 298 1254 esset
314 1202 343 1254 et
360 1195 467 1252 cotidie
487 1202 632 1252 cresceret
675 1193 774 1254 Placet
792 1195 882 1272 igitur
901 1201 996 1252 tantas

152 1295 198 1333 res
212 1275 348 1352 opinione
362 1274 515 1332 stultorum
529 1274 658 1345 iudicari,
668 1274 751 1332 vobis
761 1275 936 1351 praesertim,
947 1276 996 1350 qui

152 1356 217 1413 illos
236 1356 353 1413 insanos
374 1374 434 1412 esse
454 1354 575 1412 dicatisl
615 1353 653 1412 V.
675 1354 718 1412 At
738 1355 815 1412 enim
834 1363 996 1430 praesentes

152 1435 283 1494 videmus
299 1434 378 1506 deos,
390 1441 424 1492 ut
437 1434 515 1512 apud
529 1433 673 1511 Regillum
688 1433 864 1505 Postumius,
876 1434 907 1490 in
921 1433 997 1491 Sala-

152 1516 195 1574 ria
209 1516 352 1588 Vatinius,
367 1514 464 1572 nescio
486 1514 556 1591 quid
577 1514 662 1571 etiam
685 1512 721 1571 de
740 1513 896 1571 Locrorum
917 1513 995 1590 apud

153 1596 272 1673 Sagram
289 1594 407 1672 proelio.
450 1593 529 1662 Quos
546 1594 635 1670 igitur
650 1601 683 1651 tu
700 1593 879 1670 Tyndaridas
900 1593 995 1670 appel-

152 1677 239 1748 labas,
255 1676 286 1734 id
302 1682 353 1746 est,
365 1675 498 1732 homiues
514 1673 633 1731 homine
649 1680 740 1744 natos,
754 1679 782 1731 et
800 1692 872 1750 quos
889 1673 996 1731 Home·

152 1776 208 1828 rus,
225 1756 275 1834 qui
292 1775 389 1813 recens
405 1754 441 1812 ab
459 1754 573 1812 illorum
591 1760 685 1812 aetate
702 1754 767 1824 fuit,
783 1753 910 1829 sepultos
935 1773 996 1812 esse

152 1837 225 1895 dicit
236 1834 457 1905 Lacedaemone,
468 1853 517 1892 eos
526 1841 559 1892 tu
570 1833 725 1891 cantheriis
735 1833 815 1905 albis,
828 1833 913 1891 nullis
924 1833 996 1891 calo-

152 1917 246 1988 nibus,
259 1916 297 1974 ob
310 1915 387 1973 viam
399 1914 518 1971 Vatinio
531 1914 639 1971 venisse
650 1914 796 1971 existimas
807 1920 836 1971 et
846 1914 995 1972 victoriam

152 1997 255 2076 populi
269 1995 394 2054 Romani
407 1994 528 2053 Vatinio
547 1994 645 2071 potius
659 1993 771 2050 homini
785 1994 892 2053 rustico
910 2013 995 2070 quam

152 2078 193 2136 M.
203 2077 316 2148 Catoni,
327 2076 377 2153 qui
387 2082 451 2133 tum
466 2081 527 2132 erat
539 2074 681 2151 princeps,
693 2074 886 2132 nuntiavissel
918 2075 996 2150 Ergo

153 2165 184 2216 et
196 2157 268 2215 illud
282 2157 312 2214 in
330 2155 416 2226 silice,
430 2153 508 2232 quod
521 2154 609 2212 hodie
625 2160 744 2230 apparet
760 2155 838 2231 apud
851 2154 995 2231 Regillum

152 2243 301 2313 tamquam
310 2235 464 2312 vestigium
473 2234 605 2312 ungulae,
613 2233 740 2292 Castoris
749 2235 815 2311 equi
824 2235 997 2292 eredisessel

155 2324 201 2376 12.
224 2317 329 2375 Nonne
346 2316 436 2373 mavis
450 2314 522 2372 illud
536 2314 657 2386 credere,
670 2314 749 2391 quod
762 2313 877 2390 probari
891 2321 994 2390 potest,

153 2393 996 2472 animospraeclarorumhominum,qualesistiTyndaridae

152 2479 280 2549 fuerunt,
290 2475 404 2533 divinos
418 2493 477 2532 esse
491 2481 521 2531 et
531 2482 661 2532 aeternos
675 2492 761 2550 quam
776 2492 833 2543 eos,
846 2474 895 2550 qui
910 2472 996 2530 semel

153 2557 273 2616 cremati
290 2562 391 2626 essent,
404 2555 532 2632 equitare
548 2554 621 2611 etin
636 2553 696 2612 acie
709 2571 837 2630 pugnare
851 2553 997 2629 potuissel

154 2633 995 2711 autsihocfieripotuissediciS,doceasoportetquomodo,

153 2737 208 2775 nec
222 2715 341 2774 fabellas
351 2715 440 2772 aniles
450 2714 586 2792 proferas.
631 2719 676 2771 13.
699 2713 774 2771 Tum
785 2712 927 2770 Lucilius:
948 2712 996 2768 An

152 2797 217 2869 tibi,
228 2797 330 2874 inquit,
341 2795 461 2853 fabellae
471 2793 621 2851 videnturl
652 2792 757 2850 Nonne
766 2812 783 2849 a
791 2791 943 2850 Postumio
955 2811 997 2848 ae-

153 2878 221 2936 dem
239 2876 351 2934 Castori
366 2883 395 2934 et
408 2873 521 2932 Polluci
535 2874 566 2930 in
581 2873 646 2930 foro
661 2873 830 2943 dedicatam,
845 2891 941 2929 nonne
958 2891 998 2928 se-

153 2964 239 3015 natus
256 2955 419 3013 consultum
437 2955 473 3012 de
488 2953 608 3012 Vatinio
625 2952 725 3011 videsl
769 2952 844 3009 Nam
859 2952 895 3010 de
910 2951 999 3027 Sagra

153 3037 328 3095 Graecorum
351 3036 437 3093 etiam
455 3042 498 3092 est
516 3033 632 3108 vulgare
648 3031 840 3109 proverbium,
859 3032 908 3108 qui
926 3032 1000 3107 quae'

154 3115 308 3176 adfirmant
325 3115 446 3173 certiora
464 3132 524 3171 esse
543 3113 644 3170 dicunt
661 3131 747 3189 quam
767 3111 815 3169 illa
832 3131 903 3188 quae
921 3109 997 3186 apud

154 3197 283 3273 Sagram.
326 3195 382 3252 His
403 3195 492 3272 igitur
507 3191 671 3251 auctoribus
687 3210 784 3250 nonne
800 3191 887 3250 debes
903 3207 988 3248 move
