2220 3432
116 77 131 122 2
337 74 387 122 DE
405 75 555 124 NATURA
571 74 731 124 DEORUM.

115 173 208 222 scimus
219 172 244 220 in
258 173 355 222 Graeca
368 173 523 236 philosophia
535 174 708 234 cognoscenda
718 174 825 222 multum
838 176 956 238 temporis

116 251 252 300 operaeque
268 238 377 300 posuisse
395 248 419 287 et
436 239 517 301 ipsum
533 240 623 288 librum
638 238 668 287 de
682 239 772 288 virtute
788 241 956 302 composuisse

115 304 140 350 in
153 304 206 366 ipso
215 304 340 366 prooemio
352 305 383 351 ad
395 305 432 353 M.
445 306 550 352 Brutum
564 306 654 368 scripto
663 305 700 353 M.
710 305 805 352 Tullius
817 305 848 352 de
859 321 957 354 summa

115 369 260 417 difficultate
277 377 302 417 et
320 369 468 418 obscuritate
487 371 645 430 gravissimae
664 370 736 418 huius
755 371 906 433 quaestionis
925 371 956 420 de

115 444 205 482 nature
216 435 316 482 deorum
330 435 434 494 disserit,
445 435 475 482 de
487 451 537 497 qua
549 444 599 482 tam
612 435 693 482 variae
704 444 805 497 tamque
816 436 956 498 discrepan-

115 509 152 546 tes
161 500 361 562 philosophorum
374 500 423 548 sint
434 500 579 560 sententiae,
589 516 650 562 quas
662 501 775 564 deinceps
789 502 874 564 paucis
885 516 955 549 enar-

115 574 224 627 1·at,cap.
238 567 321 622 tet‘l,
336 563 416 622 §1-5.
447 566 513 613 Tum
526 566 620 641 Cicero,
625 566 748 642 quoniam
759 575 783 614 et
794 566 868 614 amici
880 567 955 615 bene-

114 602 169 678 vole
180 646 236 678 eum
248 630 434 678 admonuerant
438 641 463 678 et
474 630 568 678 inridi'
562 631 660 679 inimice
671 632 707 678 vit
709 646 830 692 upertaver
827 640 877 707 ant,
888 632 954 694 quod

113 694 259 758 philosophi·
254 710 295 742 un
307 695 429 744 Graecam
441 696 538 744 Latinis
552 695 638 744 litteris
652 697 767 756 ιιιιιΙιιῃιιι
778 705 803 746 et
815 697 954 745 uniueisum

113 760 283 822 philosophiae
302 761 410 808 studium
432 761 542 810 defendit
562 770 587 809 et
606 753 712 809 b'reviter
732 763 852 810 rationem
872 761 955 810 reddit

113 840 189 887 quam
207 825 308 872 obrem
327 825 379 886 ipse
396 826 604 875 Academicorum
623 826 778 888 disciplinam
798 827 953 888 potissimum

113 899 212 938 secutus
224 890 263 950 sit,
273 905 377 953 quorum
389 890 421 939 de
434 891 584 952 gravissimis
597 892 671 940 rebus
685 891 826 940 dubitanter
838 891 954 954 loquendi

113 955 175 1003 ratio
186 956 220 1003 ad
231 955 295 1003 hane
307 957 387 1018 ipsam
398 957 567 1018 quaestionem
580 958 690 1005 maximo
702 972 775 1018 opere
786 958 909 1019 pertinere
919 959 953 1005 ri-

113 1020 208 1079 deatur,
223 1020 254 1068 de
273 1036 323 1083 qna
340 1036 398 1069 cum
416 1021 588 1070 difficillimum
605 1037 649 1084 per·
668 1037 695 1070 se
714 1022 746 1070 sit
763 1022 890 1082 iudicium,
901 1033 954 1071 tum

112 1093 196 1134 tautae
205 1085 402 1134 doctissimorum
413 1086 542 1134 hominum
551 1086 722 1147 dissensiones,
730 1103 783 1150 cap.
793 1090 848 1145 3-6,
859 1087 953 1146 §5-14.

112 1150 178 1198 Dein
196 1151 227 1198 de
244 1151 410 1212 disputatione
423 1151 488 1200 inter
500 1153 528 1202 C.
538 1153 668 1201 Aurelium
680 1153 781 1202 Cottam
793 1155 818 1201 et
830 1154 859 1203 C.
870 1152 954 1202 Velle-

111 1215 164 1264 ium
180 1225 205 1264 et
220 1217 251 1276 Q.
262 1216 386 1264 Lucilium
404 1217 512 1265 Balbum
530 1233 556 1266 se
573 1218 688 1266 audiente
702 1218 816 1266 instituta
832 1219 916 1278 refert,
927 1219 952 1266 in

111 1296 161 1342 qua
172 1296 235 1343 qnae
245 1297 261 1328 a
271 1282 422 1344 principibus
431 1281 478 1330 illis
488 1283 561 1330 trium
574 1283 756 1345 disciplinarum
769 1283 894 1345 disputata
903 1284 953 1332 sint

111 1361 137 1394 se
154 1347 214 1394 dicit
227 1347 264 1395 lris
278 1347 345 1394 libris
359 1362 482 1410 exponere
498 1348 662 1404 constituisse,
675 1363 726 1410 cap.
738 1353 753 1395 o
766 1359 791 1396 et
803 1352 825 1408 7,
836 1347 850 1406 ᾖ
863 1353 949 1399 15-17.

112 1412 145 1458 lit
158 1412 183 1459 in
195 1413 242 1460 hoc
254 1412 353 1474 quidem
365 1413 444 1475 primo
455 1413 517 1460 libro
529 1414 625 1462 initium
638 1413 778 1476 disputandi
791 1414 850 1462 facit
862 1414 952 1463 ovet-

110 1477 172 1524 leius
185 1487 210 1525 et
221 1494 236 1524 a
250 1478 437 1540 reprehensione
454 1479 553 1541 quidem
566 1479 711 1527 Platonicae
725 1489 750 1526 et
762 1479 860 1528 Stoicae
877 1480 952 1527 ratio-

110 1543 156 1603 nis,
168 1558 273 1605 quarum
285 1543 327 1590 illa
338 1544 457 1591 mundum
471 1561 485 1592 a
497 1544 543 1592 deo
555 1552 683 1606 tamquam
697 1545 783 1606 opifice
797 1554 871 1607 atque
885 1545 952 1593 aedi-

110 1608 211 1657 ficatore
220 1609 357 1671 profectum
368 1608 541 1669 contendebat,
552 1610 630 1658 altera
640 1609 771 1672 πρόνοιαν,
778 1609 804 1657 id
815 1620 861 1670 est,
871 1610 952 1671 prori-

110 1672 219 1721 dentiam
230 1674 393 1733 inducebat,a
402 1689 451 1735 qua
460 1675 568 1722 mundus
577 1675 678 1723 eti'ectus
687 1682 751 1722 esset
760 1685 784 1722 et
796 1675 951 1722 administra-

110 1747 184 1797 retur,
196 1747 300 1800 utraque
312 1749 396 1786 autem
407 1739 528 1787 mnndum
540 1740 623 1786 animo
637 1748 662 1786 et
677 1739 787 1788 sensibus
801 1741 949 1802 praeditum,

109 1803 390 1864 1·otundum,ardentem
405 1803 586 1866 volubilemque
599 1804 712 1864 faciebat,
725 1819 779 1866 cap.
792 1805 890 1864 8-10‚§
904 1808 952 1854 18-

110 1871 149 1917 23.
179 1869 342 1932 Reliquorum
355 1869 445 1916 deinde
456 1869 566 1916 omnium
577 1869 778 1931 philosophorum
788 1871 845 1920 inde
857 1887 873 1918 a
884 1871 952 1919 Tha-

109 1933 157 1982 lete
170 1934 202 1982 de
216 1934 263 1982 deo
277 1935 405 1982 sententiis
419 1933 524 1982 breviter
538 1936 738 1982 commemoratis
750 1945 775 1983 et
786 1936 948 1998 reprehensis,

108 2015 162 2061 cap.
179 2003 265 2058 10-15,
280 1999 294 2058 ᾗ
312 2000 400 2060 tt-tr,
416 1999 448 2046 ad
465 1999 544 2061 ipsam
561 2000 709 2062 Epicuream
726 2000 757 2048 de
775 2001 812 2048 dis
829 2001 952 2050 rationem

109 2064 282 2126 explicandam
295 2065 397 2125 accedit,
409 2080 485 2126 quam
497 2081 572 2112 unam
584 2080 668 2113 reram
680 2081 732 2114 esse
744 2066 878 2116 existimat.
907 2067 951 2116 So-

109 2130 160 2178 lum
173 2130 238 2178 enim
254 2131 389 2192 Epicurum
402 2130 498 2186 vidisse,
506 2131 612 2192 primum
628 2146 681 2179 esse
699 2131 767 2191 deos,
779 2132 845 2193 quod
859 2132 883 2179 in
898 2147 952 2180 om·

108 2197 177 2243 nium
189 2195 278 2243 animis
289 2210 331 2243 eor
334 2211 374 2243 um
387 2195 514 2244 notionem
524 2197 685 2259 impressisset
693 2205 782 2244 natura
792 2207 818 2245 et
829 2197 882 2246 sine
893 2197 952 2245 doc·

108 2263 173 2308 trina
192 2262 394 2325 anticipationem
415 2264 537 2326 quandam
558 2264 754 2339 deorurn,quam
773 2265 824 2326 ipse
842 2264 949 2327 appellat

108 2325 269 2390 apdhqdua'
251 2343 303 2376 srne
315 2343 363 2390 qua
374 2343 424 2376 non
434 2327 542 2389 intellegi
552 2331 683 2392 quicquam
695 2345 738 2376 nec
750 2330 836 2391 quaeri
847 2344 892 2376 nec
900 2329 949 2376 dis-

108 2400 189 2462 putari
206 2414 292 2462 posse:
312 2399 337 2446 id
354 2414 387 2447 ex
400 2414 429 2447 eo
442 2398 559 2459 intellegi,
573 2398 638 2461 quod
653 2398 764 2446 omnium
778 2397 930 2445 hominum'
924 2413 950 2445 m

108 2480 137 2512 eo
150 2465 181 2512 sit
193 2466 256 2512 mira
265 2465 401 2524 consensio,
410 2473 437 2512 ut
449 2465 508 2512 deos
517 2479 571 2513 esse
582 2471 703 2523 statuant,
712 2478 818 2526 eamque
830 2463 950 2524 anticipa·

108 2530 201 2578 tionem
219 2531 270 2578 sire
285 2531 471 2592 praenotionem
485 2530 587 2578 deorum
601 2529 718 2588 habeant,
728 2540 756 2577 ιιι
770 2543 812 2576 eos
826 2527 910 2576 beatos
925 2536 950 2576 et

108 2594 260 2643 immortales
272 2605 374 2657 putent:
391 2610 423 2643 ex
435 2609 484 2658 quo
496 2594 620 2658 consequi,
631 2602 658 2642 ut
669 2594 731 2642 nihil
743 2594 835 2653 negotii
847 2608 892 2642 nec
903 2593 950 2656 ipsi

108 2661 216 2708 habeant
228 2675 272 2708 nec
284 2661 338 2707 aliis
348 2661 481 2708 exhibeant
493 2675 573 2723 neque
584 2661 621 2707 ira
631 2674 711 2722 neque
722 2660 801 2720 gratia
810 2667 947 2718 teneantur,

109 2726 176 2788 quia,
188 2741 251 2788 quae
263 2726 322 2773 talia
334 2727 391 2786 sint,
401 2725 525 2773 imbecilla
539 2727 588 2773 sint
605 2725 697 2773 omnia.
735 2725 765 2772 ld
779 2725 799 2772 si
810 2725 846 2772 ita
859 2724 899 2784 sit,
910 2725 951 2786 pie

108 2791 222 2839 colendos
234 2806 287 2839 esse
297 2791 355 2839 deos
365 2802 465 2854 propter
473 2799 640 2853 praestantem
652 2802 775 2850 naturam,
787 2790 855 2838 nullo
867 2799 950 2838 autem

108 2857 182 2905 modo
195 2857 325 2916 timendos,
334 2872 383 2919 quo
395 2873 444 2905 uuo
456 2857 516 2904 dicit
529 2871 629 2905 omnem
646 2856 846 2917 superstitionem
863 2856 947 2911 everti,

109 2938 163 2984 cap.
177 2925 205 2970 16
218 2933 242 2971 et
257 2925 294 2983 ll,
306 2921 320 2981 ἓ
334 2925 424 2972 42-45.
461 2923 510 2971 Sed
524 2923 555 2970 ad
570 2923 633 2970 hanc
648 2922 789 2983 opinionem
802 2921 950 2969 confirman-

108 2988 166 3035 dum
178 2988 307 3051 anquirere
319 2989 430 3036 aninnnn
440 2996 465 3036 et
474 2987 579 3035 formam
588 2995 613 3036 et
622 2988 698 3034 vitam
709 2996 734 3034 et
745 2987 869 3035 actionem
881 3001 950 3034 men-

109 3054 140 3101 tis
153 3063 227 3116 atque
238 3054 399 3114 agitationem
409 3054 434 3101 in
444 3053 498 3113 dee,
511 3063 535 3102 et
547 3055 652 3114 figuram
661 3053 761 3114 quidem
772 3051 865 3100 nullam
878 3067 950 3113 posse

108 3118 183 3168 aliam
193 3134 246 3169 esse
255 3119 301 3168 uisi
310 3119 454 3181 humanam,
466 3119 571 3181 primum
582 3118 647 3180 quod
657 3128 745 3166 natum
756 3117 864 3180 speciem
875 3116 950 3166 aliam
