2224 3446
267 94 336 142 ma.
351 93 398 154 11,
413 91 708 154 oar.u1v.-nvr.,§
724 96 844 141 110-116.
928 97 976 143 aar

134 215 231 252 nonne
254 215 287 252 ea
308 194 458 271 praedixit,
474 213 547 270 quae
563 194 641 251 facta
657 195 741 251 suntl
783 192 834 249 ille
858 213 932 264 vero,
947 203 977 253 et

128 295 168 336 ea
185 275 309 351 quidem,
321 293 393 350 quac
411 293 509 330 omnes
527 293 560 331 eo
575 281 705 349 tempore
719 292 755 329 ne
769 272 929 330 acciderent
944 275 977 330 ti-

134 354 291 412 mebamus.
334 353 434 410 Castra
450 354 528 410 onim
544 353 575 409 in
592 352 738 409 Thessalia
754 353 853 409 castris
874 353 977 412 collata

134 434 328 505 audiebamua
337 432 542 510 videbaturque
553 433 637 490 nobis
652 433 791 490 exereitus
806 432 933 491 Caesaris
948 441 977 492 et

134 514 268 572 audaciae
285 512 350 590 plus
368 512 478 584 habere,
495 513 602 589 quippe
621 513 670 589 qui
688 513 795 589 patriae
812 512 919 569 bellum
936 514 977 570 in·

134 593 254 664 tulisset,
270 601 299 650 et
315 592 426 649 roboris
442 599 560 668 propter
581 599 760 649 vetustatem.
803 592 908 649 Casum
929 612 978 650 au-

134 680 193 730 tem
209 672 310 749 proelii
324 691 409 729 nemo
424 679 555 729 nostrum
569 680 629 730 erat
644 673 713 748 quin
727 672 850 742 timeret,
862 672 912 729 sed
926 673 975 745 ita,

134 760 167 810 ut
182 752 379 810 constantibus
392 751 558 808 hominibus
570 759 699 828 parerat,
711 772 770 810 non
781 759 885 828 aperte.
924 752 976 810 Ille

134 839 231 890 autem
248 832 380 901 Graecae,
394 832 463 908 quid
477 833 590 901 mirum,
603 833 628 888 si
642 832 841 909 magnitudine
855 833 975 904 timoris,

134 921 167 970 ut
181 912 348 989 plerumque
362 911 403 981 fit,
416 932 433 968 a
446 912 606 968 constantia
619 918 705 988 atque
720 932 736 968 a
750 919 846 970 mente
861 919 946 989 atque
960 933 977 971 a

134 1012 164 1049 se
181 993 243 1069 ipse
260 992 405 1049 discessit?
427 1011 483 1069 qua
500 990 712 1068 perturbatione
730 992 827 1063 animi,
841 1012 920 1069 quae,
936 1013 977 1050 sa-

133 1092 188 1129 nus
203 1091 268 1129 cum
283 1078 364 1142 esset,
374 1071 496 1130 timebat
511 1091 545 1128 ne
560 1071 712 1142 evenirent,
723 1090 756 1128 ea
766 1071 884 1129 demens
896 1091 976 1130 even·

133 1160 198 1209 tura
219 1171 279 1208 esse
300 1151 421 1209 dicebat.
463 1151 571 1209 Utrum
588 1150 713 1220 tandem,
730 1170 780 1227 per
801 1151 870 1208 deos
891 1159 976 1229 atque

134 1231 280 1289 homines!
297 1232 389 1308 magis
401 1232 459 1288 veri
474 1231 566 1287 simile
580 1237 623 1288 est
638 1250 773 1288 vesanum
787 1231 925 1306 remigem
940 1252 976 1288 an

134 1312 257 1388 aliquem
276 1318 414 1381 nostrum,
428 1311 478 1388 qui
492 1311 532 1367 ibi
547 1317 609 1367 tum
627 1330 745 1381 eramus,
758 1329 813 1380 mc,
825 1311 975 1382 Catonem,

134 1391 302 1462 Varronem,
312 1391 476 1468 Coponium
488 1391 591 1467 ipsum,
602 1390 720 1448 consilia
731 1391 850 1448 deornm
861 1391 976 1448 immor-

133 1471 234 1528 talium
250 1472 408 1548 perspicere
422 1471 568 1548 potuisset

174 1551 250 1610 LVI.
295 1558 360 1608 115.
384 1551 442 1608 Sed
456 1551 513 1608 iam
527 1551 564 1607 ad
579 1557 607 1608 te
621 1551 713 1620 venie,

166 1663 257 1711 Sancte
268 1661 368 1724 Apollo,
378 1661 421 1724 qui
432 1661 577 1712 umbilicum
588 1669 682 1710 certum
695 1670 816 1710 terrarum
828 1661 933 1722 obsides,

166 1728 241 1777 Unde
252 1727 422 1790 superstitiosa
433 1728 540 1790 primum
552 1742 625 1776 saeva
635 1727 713 1776 evasit
724 1727 845 1775 rorifera.

133 1846 204 1904 Tuis
221 1847 297 1904 enim
315 1846 435 1904 oraculis
456 1845 636 1924 Chrysippus
657 1854 753 1905 totum
773 1847 908 1905 volumen
925 1848 977 1904 im-

134 1927 231 2003 plevit,
245 1927 347 2002 partim
359 1927 447 1997 falsis,
460 1933 493 1983 ut
507 1946 560 2004 ego
576 1927 687 2004 opinor,
697 1929 802 2005 partim
817 1948 883 1985 casu
894 1929 975 1998 veris,

133 2017 167 2064 nt
180 2007 214 2063 fit
228 2007 258 2063 in
274 2007 353 2064 omni
368 2007 496 2064 oratione
511 2007 683 2084 saepissime,
696 2008 801 2085 partim
816 2007 976 2085 flexiloquis

134 2093 164 2143 ot
180 2086 315 2158 obscuris,
327 2094 360 2144 ut
375 2087 514 2164 interpres
531 2094 614 2164 egeat
628 2088 782 2165 interprete
797 2095 826 2146 et
840 2108 900 2145 sors
914 2089 976 2165 ipsa

133 2167 171 2222 ad
188 2173 277 2224 sortes
294 2167 444 2224 referenda
460 2167 505 2238 sit,
521 2168 625 2243 partim
644 2168 787 2244 ambiguis
804 2176 833 2225 et
851 2187 922 2245 quae
940 2168 976 2224 ad

133 2246 315 2303 dialecticum
332 2246 488 2304 deferenda
504 2248 569 2304 sint.
612 2247 687 2304 Nam
703 2266 768 2303 cum
782 2247 830 2304 illa
845 2267 905 2304 sors
919 2247 977 2304 edi-

133 2332 164 2382 ta
178 2333 222 2382 est
236 2326 453 2403 opulentissimo
468 2327 529 2402 regi
543 2326 646 2382 Asiae:

167 2437 272 2486 Croesus
285 2437 377 2499 Halym
389 2444 522 2499 penetrans
533 2451 651 2496 magnam
662 2443 784 2500 pervertet
795 2451 870 2499 opum
881 2437 941 2497 vim,

132 2546 261 2604 hostium
278 2548 337 2604 vim
354 2567 414 2605 sese
431 2566 628 2624 perversumm
643 2548 764 2623 putavit,
776 2548 913 2624 pervertit
929 2568 976 2605 au·

132 2633 193 2682 tem
208 2647 295 2684 suam.
340 2633 406 2684 116.
428 2627 536 2686 Utrum
548 2627 637 2703 igitur
650 2646 748 2684 eorum
763 2627 920 2700 accidisset,
930 2648 975 2685 ve·

132 2725 196 2762 mm
214 2706 360 2763 oraculum
376 2707 486 2763 fuisset.
529 2706 588 2763 Cur
604 2714 700 2764 antem
714 2706 769 2763 hoc
787 2707 899 2764 credam
915 2727 975 2764 nm-

133 2805 219 2862 quam
241 2787 351 2844 editum
371 2786 496 2844 Croesol
516 2793 566 2843 aut
583 2785 764 2843 Herodotum
783 2805 833 2843 cur
852 2787 975 2843 veracio-

131 2884 192 2921 rem
204 2865 306 2923 ducam
316 2867 429 2924 Ennio?
462 2864 540 2922 Num
551 2866 647 2922 minus
658 2867 704 2924 ille
713 2866 809 2942 potuit
821 2866 856 2922 de
867 2865 974 2922 Croeso

133 2946 269 3021 quamde
284 2945 396 3022 Pyrrho
407 2944 514 3020 fingere
525 2945 653 3002 Ennius?
694 2945 765 3014 Quis
780 2945 856 3002 enim
871 2946 973 3022 estqui

131 3025 229 3082 credat
242 3025 388 3102 Apollinis
403 3045 437 3082 ex
451 3023 564 3080 oraculo
576 3023 688 3100 Pyrrho
704 3045 763 3082 esse
774 3041 958 3102 responsum:

231 3213 246 3257 9
273 3148 324 3195 Αἰο
337 3156 369 3204 te,
381 3145 499 3205 Aeacida,
509 3146 636 3194 Romanos
647 3146 744 3195 vincere
755 3162 832 3208 posse.

216 3214 225 3256 l
