2224 3446
113 121 161 170 188
373 120 421 166 DE
439 119 690 170 DIVINATIONE.

156 221 221 279 117.
238 217 302 289 Quo
322 219 410 278 modo
432 229 528 278 autern
550 228 600 277 aut
616 227 694 278 vates
711 227 760 278 aut
777 223 953 282 somniantes

109 322 143 361 ea
163 301 288 371 videant,
307 319 379 377 quae
403 320 544 378 nusquam
566 301 652 357 etiam
673 307 742 359 tunc
764 301 830 374 sint,
848 323 953 380 magua

110 380 240 459 quaestio
265 386 315 438 est.
358 379 415 438 Sed
436 380 582 456 explorata
607 381 631 437 si
652 381 711 437 siut
731 401 772 452 ee,
789 401 860 460 quae
884 391 952 442 aute

109 461 207 538 quaeri
229 460 360 531 debeant,
373 459 430 517 sint
447 459 524 530 haec,
536 479 608 536 quae
629 461 800 537 quaerimus,
813 461 950 522 faciliora„

109 540 247 597 Continet
258 540 334 597 enim
346 547 436 597 totam
448 539 521 596 hanc
535 540 731 617 quaestionem
743 560 776 598 ea
786 542 867 614 ratio,
879 563 952 620 quac

109 627 152 676 cst
166 620 202 677 de
217 626 318 676 natura
332 620 459 690 deorum,
471 639 543 696 quae
554 639 571 676 a
584 626 613 678 te
628 621 752 678 secundo
764 620 837 679 libro
852 631 895 680 est
906 643 953 680 ex·

108 699 214 776 pIIcata
234 698 366 756 dilucide.
409 699 502 767 Quam
524 699 548 756 si
570 698 742 771 obtinemus,
758 701 849 759 stabit
869 703 950 774 illud,

109 778 187 854 quod
208 777 284 835 hunc
305 778 400 835 locum
421 779 558 849 continet,
574 778 610 835 de
632 798 690 855 quo
711 781 839 857 agimus:
862 782 951 840 “esse

108 858 177 915 deos
188 865 327 915 eteorum
338 858 669 934 providentiamundum
684 861 876 918 administrari
890 881 951 919 eos·

107 937 231 1014 demque
248 937 394 994 consulere
410 937 495 996 rebus
509 938 642 995 humanis
658 957 710 996 nec
728 940 820 997 solum
838 942 951 1000 univer·

108 1018 155 1082 sis,
167 1036 265 1074 verum
286 1017 373 1074 etiam
395 1017 542 1094 singulis.”
584 1018 664 1076 Ilaec
684 1019 708 1075 si
725 1026 863 1092 tenemus,
877 1041 950 1099 qnae

107 1096 179 1153 mihi
201 1097 317 1174 quidem
338 1116 397 1154 non
414 1098 549 1155 videntur
568 1117 652 1175 posse
673 1099 802 1170 convelli,
814 1101 949 1177 profecto

107 1176 273 1234 hominibus
290 1177 365 1235 adis
378 1178 477 1234 futura
493 1178 647 1255 significari
661 1197 774 1237 neeesse
791 1189 841 1238 cst.
884 1180 948 1240 LII.

109 1262 174 1315 118.
186 1256 242 1314 Sed
252 1256 488 1332 distinguendum
496 1258 609 1315 videtur
617 1277 742 1335 quonam
753 1260 849 1317 mode.
872 1260 949 1318 Nam

106 1356 165 1393 non
182 1337 276 1414 placet
293 1337 398 1395 Stoicis
415 1338 535 1414 singulis
552 1339 678 1396 iecorum
695 1338 768 1396 fissis
785 1347 835 1398 aut
851 1341 947 1398 avium

107 1417 237 1474 cantibus
254 1417 389 1474 interesse
411 1417 513 1476 deum:
535 1419 725 1495 nequeenim
748 1419 882 1477 decorum
904 1429 949 1479 est

105 1516 158 1554 nec
175 1498 220 1555 dis
236 1497 357 1574 dignum
374 1516 427 1554 nec
441 1497 502 1554 fieri
520 1497 578 1554 ullo
592 1505 678 1575 pacto
692 1505 796 1575 potest,
809 1500 859 1557 sed
874 1501 915 1557 ita
931 1521 949 1557 a

106 1577 248 1654 principio
269 1577 436 1635 incohatum
458 1597 518 1635 esse
539 1579 689 1649 mundum,
705 1585 737 1635 ut
758 1580 842 1637 certis
863 1580 949 1637 rebus

106 1663 183 1714 certe
197 1658 278 1734 signa
291 1664 511 1734 praecurrerent,
522 1658 577 1715 alia
590 1659 620 1714 ln
635 1659 715 1729 extis,
726 1659 780 1716 alia
794 1660 823 1717 in
838 1659 946 1731 avibuS,

106 1736 161 1792 alia
177 1737 207 1793 in
222 1736 394 1813 fulguribus,
406 1738 461 1794 alia
477 1739 505 1794 in
525 1739 653 1808 ostentis,
666 1738 721 1795 alia
737 1739 767 1795 in
786 1739 881 1811 stellis,
892 1740 948 1797 alia

106 1816 136 1872 in
151 1817 356 1874 somniantium
371 1818 447 1888 visis,
457 1817 512 1874 alia
527 1819 556 1874 in
570 1818 728 1876 furentium
743 1819 868 1877 vocibus.
904 1820 948 1877 Ea

106 1895 210 1973 quibus
230 1896 302 1953 bene
323 1905 458 1973 percepta
478 1903 553 1967 sunt,
572 1898 592 1954 ii
614 1917 671 1955 nou
694 1918 777 1976 saepe
798 1900 944 1958 falluntur.

106 1975 180 2032 Male
202 1976 331 2032 coniecta
350 1976 481 2054 maleque
501 1979 687 2053 interpretata
707 1978 780 2035 falsa
800 1987 874 2050 sunt,
886 1999 944 2037 non

105 2074 199 2112 rerum
213 2055 291 2126 vitio,
302 2056 352 2113 sed
366 2056 554 2134 interpretum
568 2058 726 2116 inscientia.
769 2059 834 2116 Hoc
849 2067 945 2117 autem

127 2136 202 2192 osito
224 2142 309 2211 atque
330 2154 473 2206 concesso,
485 2156 546 2194 esse
575 2138 716 2215 quandam
740 2139 798 2194 vim
820 2140 946 2210 divinam

105 2154 256 2272 liominum
274 2215 363 2272 vitam
385 2217 588 2287 coutinentem,
600 2236 659 2273 non
677 2215 792 2274 difficile
809 2225 860 2288 est,
874 2237 945 2296 quae
996 2254 999 2260 ·

104 2294 167 2351 fieri
186 2301 263 2352 certe
283 2295 422 2367 videmus,
441 2315 474 2352 ea
498 2316 555 2373 qua
577 2297 688 2354 ratione
708 2296 779 2354 fiant
800 2298 944 2375 suspicari.

106 2374 179 2432 Nam
198 2382 227 2433 et
244 2375 280 2432 ad
297 2374 421 2433 hostiam
438 2376 620 2453 deligendam
637 2384 733 2453 potest
750 2378 808 2434 dux
826 2396 886 2434 esse
902 2377 946 2434 vis

106 2455 245 2530 quaedam
268 2457 400 2526 sentiens,
413 2475 485 2532 quae
502 2463 545 2513 est
562 2463 625 2512 toto
646 2456 767 2513 confusa
786 2457 904 2528 mundo,
917 2464 946 2514 ct

105 2542 168 2591 tum
185 2535 288 2611 ipsum,
301 2555 367 2592 cum
382 2535 531 2593 immolare
545 2534 623 2606 velis,
635 2542 766 2592 extorum
780 2535 841 2593 lieri
855 2543 947 2593 muta-

105 2615 146 2671 tio
164 2621 268 2691 potest‚
282 2621 314 2671 ut
330 2622 380 2672 aut
400 2615 475 2672 absit
495 2615 604 2692 aliquid
625 2623 675 2672 ant
691 2615 829 2692 supersit:
851 2616 946 2693 parvis

104 2694 182 2750 enim
198 2695 354 2751 momentis
367 2694 459 2751 multa
471 2701 573 2752 natura
589 2701 640 2752 aut
653 2695 774 2772 adfingit
788 2702 838 2752 aut
851 2701 946 2753 mutat

105 2779 155 2829 aut
166 2772 297 2829 detrahit.
335 2778 400 2830 119.
413 2773 498 2841 Quod
510 2793 545 2831 ne
556 2774 686 2832 dubitare
697 2775 848 2851 possimne,
858 2775 947 2832 maxi·

104 2870 153 2907 mo
165 2858 208 2908 est
219 2859 388 2926 argumento
400 2852 478 2927 quod
487 2853 572 2928 paulo
583 2860 649 2910 ante
658 2854 806 2911 interitum
817 2854 946 2912 Caesaris

105 2929 244 3004 contigit:
267 2930 316 3004 qui
328 2948 391 2985 cum
404 2931 565 2988 immolaret
576 2932 625 2989 illo
643 2933 698 3003 die,
710 2953 766 3010 quo
778 2933 903 3009 primum
915 2935 945 2990 in

105 3007 173 3063 sella
189 3025 273 3063 aurea
290 3006 364 3065 sedit
380 3016 491 3067 etcum
508 3030 651 3087 purpurea
664 3020 741 3070 veste
756 3014 903 3088 processit,
916 3015 946 3070 in

105 3086 178 3141 extis
194 3085 276 3141 bovis
294 3087 385 3162 opimi
401 3107 451 3145 cor
467 3108 524 3144 non
542 3090 607 3146 fuit.
651 3091 727 3147 Num
743 3093 832 3167 igitur
849 3111 946 3150 censes

106 3162 194 3220 ullum
209 3163 312 3219 animal
326 3167 403 3241 quod
414 3169 581 3242 sanguinem
593 3169 696 3227 habeat
710 3172 770 3228 sine
785 3172 870 3229 corde
886 3191 946 3232 esso
