2224 3446
134 141 181 186 256
468 137 517 184 DE
534 136 635 186 FATO.

134 238 175 296 ita
188 245 340 296 nascantur
353 237 587 296 antecedentibus
603 237 695 294 causis
709 237 836 313 itemque
850 235 976 293 valentes

134 326 164 376 et
176 318 321 389 imbecilli,
334 337 392 374 non
407 319 535 395 sequitur
548 325 645 374 tamen
662 322 695 374 ut
709 317 795 374 etiam
813 315 910 372 sedere
927 335 977 372 eos

134 406 163 456 et
177 397 321 456 ambulare
338 403 367 455 et
381 416 441 454 rem
458 417 540 473 agere
555 396 680 474 aliquam
694 394 899 473 principalibus
913 415 977 453 cau·

135 479 173 534 sis
198 478 348 536 definitum
373 484 402 534 et
426 477 614 534 constitutum
640 477 684 534 sit.
736 481 781 533 10.
804 475 975 551 Stilponem,

135 558 310 633 Megaricum
329 556 542 633 philosophum,
558 563 674 614 acutum
696 575 762 613 sane
778 554 926 611 homiuem
945 565 978 611 et

134 637 287 714 probatum
312 635 490 712 temporibus
512 636 569 692 illis
590 636 759 712 accepimus
801 635 889 691 Hunc
912 635 978 691 scri-

135 717 208 775 bunt
231 717 320 793 ipsius
342 716 496 772 familiares
520 723 549 772 et
571 715 715 773 ebriosum
740 722 769 773 ct
790 714 977 772 mulierosum

134 798 231 867 fuisse,
251 814 343 871 neque
366 795 421 852 hoc
444 795 570 852 scribunt
589 796 790 872 vituperantes
809 795 859 852 sed
879 795 978 871 potius

135 877 172 932 ad
187 874 315 931 laudem:
333 875 466 931 vitiosam
481 875 557 932 enim
572 882 704 932 naturam
718 875 754 933 ab
766 895 800 932 co
815 875 856 932 sic
870 873 978 932 edomi-

135 964 194 1011 tam
211 960 241 1011 ct
255 973 445 1030 compressam
463 974 523 1012 csse
538 955 676 1026 doctrina,
689 963 722 1012 ut
736 973 822 1012 neruo
839 973 976 1031 umquam

135 1034 312 1091 vinolentum
327 1034 417 1103 illum,
429 1053 515 1091 nemo
532 1035 562 1092 in
580 1055 614 1092 eo
629 1035 757 1092 libidinis
770 1035 924 1111 vestigium
938 1034 979 1089 vi-

135 1115 216 1172 derit.
259 1113 355 1182 Quid?
389 1114 536 1172 Socratem
563 1133 659 1172 nonne
682 1115 805 1192 legimus
830 1133 916 1191 quem
940 1112 977 1170 ad

135 1194 252 1251 modum
272 1194 378 1252 notarit
395 1193 524 1271 Zopyrus
540 1195 784 1273 phy‘siognomon,
801 1195 850 1271 qui
868 1213 897 1251 sc
913 1213 978 1269 pro·

135 1273 269 1332 fitcbatur
291 1274 442 1332 homiuum
470 1293 564 1331 mores
591 1281 761 1352 naturasque
789 1293 824 1331 ex
849 1293 975 1350 corpore,

136 1353 233 1426 oculis,
249 1355 337 1425 vultu,
353 1355 449 1410 fronte
470 1356 656 1430 pernosceret
677 1354 824 1430 stupidum
846 1373 907 1410 csse
927 1352 978 1409 So

136 1441 241 1491 cratem
264 1434 338 1491 dixit
360 1440 389 1491 et
408 1433 538 1504 bardum,
555 1434 633 1511 quod
653 1435 751 1510 iugula
773 1453 898 1491 concava
918 1451 977 1488 non

135 1513 260 1584 haberet,
273 1513 433 1570 obstructas
447 1531 494 1570 cas
508 1522 603 1590 partes
620 1520 649 1570 et
664 1514 810 1570 obturatas
827 1532 888 1570 csse
904 1512 979 1570 dicc-

135 1592 201 1650 bat:
224 1592 336 1650 addidit
352 1593 447 1663 etiam,
463 1593 665 1650 mulierosum:
691 1593 721 1649 iu
739 1612 796 1670 quo
813 1591 978 1650 Alcibiades

136 1672 306 1730 cachinnum
324 1673 429 1730 dicitur
449 1673 603 1730 sustulisse.
647 1678 692 1730 11.
715 1673 773 1730 Sed
789 1672 859 1730 haec
876 1691 911 1729 ex
930 1689 979 1727 na-

136 1751 274 1809 turalibus
291 1753 382 1809 causis
396 1751 466 1808 vitia
482 1753 559 1809 nasci
573 1760 702 1828 possunt,
715 1751 865 1828 exstirpari
882 1756 978 1808 autem

136 1840 165 1889 et
181 1832 313 1889 funditus
330 1832 401 1902 tolli,
416 1838 450 1888 ut
466 1832 491 1888 is
507 1832 576 1908 ipse,
593 1833 642 1908 qui
659 1832 696 1888 ad
713 1851 746 1889 ea
762 1850 921 1908 propensus
934 1831 979 1886 fu-

136 1912 198 1982 erit,
214 1931 231 1968 a
250 1912 338 1968 tantis
354 1911 432 1968 vitiis
450 1918 591 1981 avocetur,
606 1931 664 1968 non
687 1918 731 1968 est
752 1911 783 1968 id
803 1911 932 1988 positum
948 1909 978 1966 in

136 1990 311 2048 naturalibus
322 1991 421 2061 causis,
434 1991 525 2048 sedin
536 1991 692 2061 voluntate,
703 1991 807 2061 studi0,
818 1989 977 2066 disciplina

136 2070 215 2139 Quae
230 2069 370 2127 tolluntur
384 2071 489 2139 omnia,
502 2070 526 2126 si
539 2071 583 2126 vis
597 2078 626 2128 ct
640 2077 741 2127 natura
754 2071 809 2127 fati
823 2087 858 2126 ex
872 2069 981 2126 diviua-

136 2151 223 2208 tionis
237 2150 347 2206 ratione
361 2148 528 2206 firmabitur.

176 2229 228 2288 VI.
271 2229 386 2286 Etenim
404 2229 429 2285 si
446 2235 489 2286 est
505 2229 654 2301 divinatio,
671 2227 868 2306 qualibusnam
885 2248 903 2285 a
918 2246 981 2304 per·

137 2311 227 2386 ceptis
244 2310 313 2366 artis
330 2307 537 2386 proficiscitur?
557 2316 692 2387 percepta
711 2309 834 2386 appello,
851 2327 922 2385 quac
939 2308 982 2364 di-

137 2396 240 2446 cuntur
261 2389 368 2446 Graece
388 2391 557 2466 θεωρήματα.
600 2389 668 2446 Non
692 2391 768 2447 enim
791 2389 876 2446 credo
900 2387 981 2444 nullo

137 2476 272 2546 percepto
294 2477 344 2526 aut
361 2475 469 2526 ceteros
486 2468 607 2526 artifices
623 2470 728 2526 versari
744 2470 775 2525 in
794 2487 845 2525 suo
862 2485 982 2524 munere

137 2556 187 2606 aut
207 2569 264 2619 eoa
283 2550 332 2626 qui
354 2548 530 2606 divinatione
551 2555 676 2620 utantur,
695 2550 793 2606 futura
809 2547 980 2624 praedicere.

139 2634 184 2685 la.
207 2629 281 2686 Sunt
301 2629 391 2704 igitur
412 2629 621 2706 astrologorum
638 2635 774 2706 percepta
793 2627 880 2685 huius
899 2627 982 2683 modi

139 2707 197 2763 “Si
213 2709 284 2783 quis,
300 2707 380 2765 verbi
396 2726 488 2780 causa,
504 2710 613 2766 oriente
631 2708 768 2766 Canicula
788 2715 872 2764 natus
889 2713 941 2778 est,
956 2707 983 2762 is

137 2785 168 2840 in
182 2787 254 2842 mari
268 2805 327 2842 non
341 2787 506 2845 morietur.'’
548 2789 654 2864 Vigila,
667 2789 837 2864 Chrysippo,
850 2807 886 2844 ne
900 2793 983 2844 tuam

137 2875 260 2933 causam,
276 2865 306 2920 iu
324 2884 380 2940 qua
396 2865 450 2922 tibi
468 2886 532 2923 cum
549 2867 681 2925 Diodoro
699 2869 810 2924 valente
831 2866 983 2924 dialectico

138 2959 242 3016 magua
253 2943 370 3000 luctatio
385 2951 436 3013 cst,
448 2945 567 3004 deseras,
600 2947 632 3003 Si
643 2948 720 3004 enim
732 2955 775 3004 est
785 2965 892 3017 verum,
904 2945 984 3022 quod

138 3018 180 3074 ita
200 3022 359 3077 conectitur
381 3022 439 3078 “Si
460 3025 525 3099 quis
546 3026 655 3083 oriente
672 3026 808 3084 Canicula
826 3033 912 3082 natus
929 3032 982 3094 est,

138 3094 169 3150 in
186 3099 258 3154 mari
274 3118 332 3154 non
350 3101 515 3171 morietur,”
530 3104 602 3160 illud
620 3125 734 3182 quoquc
748 3124 846 3162 verum
864 3111 909 3161 est
923 3103 984 3161 “Si

139 3172 243 3230 Fabius
265 3177 373 3234 oriente
395 3177 532 3237 Canicula
553 3192 637 3239 natus
659 3192 711 3253 cst,
732 3185 835 3242 Fabius
857 3185 887 3240 in
910 3184 983 3240 mari
