<?xml version="1.0" encoding="UTF-8"?>
<!DOCTYPE html PUBLIC "-//W3C//DTD XHTML 1.0 Transitional//EN"
    "http://www.w3.org/TR/xhtml1/DTD/xhtml1-transitional.dtd">
<html xmlns="http://www.w3.org/1999/xhtml" xml:lang="en" lang="en">
 <head>
  <title>
</title>
<meta http-equiv="Content-Type" content="text/html;charset=utf-8" />
  <meta name='ocr-system' content='tesseract 3.04.00' />
  <meta name='ocr-capabilities' content='ocr_page ocr_carea ocr_par ocr_line ocrx_word'/>
</head>
<body>
  <div class='ocr_page' id='page_1' title='image "./mtulliiciceroni106cicegoog/mtulliiciceroni106cicegoog_0246.png"; bbox 0 0 2224 3446; ppageno 0'>
   <div class='ocr_carea' id='block_1_1' title="bbox 295 131 986 194">
    <p class='ocr_par' dir='ltr' id='par_1_1' title="bbox 295 131 986 194">
     <span class='ocr_line' id='line_1_1' title="bbox 295 131 986 194; baseline 0.007 -15"><span class='ocrx_word' id='word_1_1' title='bbox 295 131 829 194; x_wconf 74' lang='lat' dir='ltr'>ura.11.,oar.u1.-urv.,§roc-no.</span> <span class='ocrx_word' id='word_1_2' title='bbox 937 137 986 184; x_wconf 85' lang='lat'>235</span> 
     </span>
    </p>
   </div>
   <div class='ocr_carea' id='block_1_2' title="bbox 138 233 986 2868">
    <p class='ocr_par' dir='ltr' id='par_1_2' title="bbox 138 233 986 2551">
     <span class='ocr_line' id='line_1_2' title="bbox 141 233 985 312; baseline 0.002 -20"><span class='ocrx_word' id='word_1_3' title='bbox 141 233 224 292; x_wconf 89' lang='lat' dir='ltr'><strong>LIII.</strong></span> <span class='ocrx_word' id='word_1_4' title='bbox 237 234 321 304; x_wconf 85' lang='lat' dir='ltr'>Vide,</span> <span class='ocrx_word' id='word_1_5' title='bbox 333 253 445 311; x_wconf 82' lang='lat' dir='ltr'>quaese,</span> <span class='ocrx_word' id='word_1_6' title='bbox 456 234 593 311; x_wconf 78' lang='lat' dir='ltr'>Cratippe</span> <span class='ocrx_word' id='word_1_7' title='bbox 603 241 709 305; x_wconf 85' lang='lat' dir='ltr'>noster,</span> <span class='ocrx_word' id='word_1_8' title='bbox 720 255 804 312; x_wconf 88' lang='lat' dir='ltr'>quam</span> <span class='ocrx_word' id='word_1_9' title='bbox 817 236 875 292; x_wconf 83' lang='lat' dir='ltr'>sint</span> <span class='ocrx_word' id='word_1_10' title='bbox 885 237 941 293; x_wconf 90' lang='lat' dir='ltr'>ista</span> <span class='ocrx_word' id='word_1_11' title='bbox 951 238 985 294; x_wconf 86' lang='lat' dir='ltr'>si·</span> 
     </span>
     <span class='ocr_line' id='line_1_3' title="bbox 141 313 986 372; baseline 0.002 -2"><span class='ocrx_word' id='word_1_12' title='bbox 141 314 230 371; x_wconf 83' lang='lat' dir='ltr'>milia</span> <span class='ocrx_word' id='word_1_13' title='bbox 267 313 342 370; x_wconf 89' lang='lat' dir='ltr'>Nam</span> <span class='ocrx_word' id='word_1_14' title='bbox 352 313 424 370; x_wconf 91' lang='lat' dir='ltr'>mihi</span> <span class='ocrx_word' id='word_1_15' title='bbox 433 333 491 371; x_wconf 90' lang='lat' dir='ltr'>non</span> <span class='ocrx_word' id='word_1_16' title='bbox 500 315 640 371; x_wconf 89' lang='lat' dir='ltr'>videntur.</span> <span class='ocrx_word' id='word_1_17' title='bbox 677 314 760 372; x_wconf 91' lang='lat' dir='ltr'>Oculi</span> <span class='ocrx_word' id='word_1_18' title='bbox 770 316 846 372; x_wconf 90' lang='lat' dir='ltr'>enim</span> <span class='ocrx_word' id='word_1_19' title='bbox 855 334 986 372; x_wconf 87' lang='lat' dir='ltr'>veracer-</span> 
     </span>
     <span class='ocr_line' id='line_1_4' title="bbox 142 395 985 472; baseline 0.001 -21"><span class='ocrx_word' id='word_1_20' title='bbox 142 401 245 451; x_wconf 89' lang='lat' dir='ltr'>nentes</span> <span class='ocrx_word' id='word_1_21' title='bbox 256 401 376 450; x_wconf 86' lang='lat' dir='ltr'>utuntur</span> <span class='ocrx_word' id='word_1_22' title='bbox 389 402 491 451; x_wconf 89' lang='lat' dir='ltr'>natura</span> <span class='ocrx_word' id='word_1_23' title='bbox 504 401 590 471; x_wconf 91' lang='lat' dir='ltr'>atque</span> <span class='ocrx_word' id='word_1_24' title='bbox 604 411 704 452; x_wconf 87' lang='lat' dir='ltr'>sensu:</span> <span class='ocrx_word' id='word_1_25' title='bbox 727 395 823 463; x_wconf 90' lang='lat' dir='ltr'>animi,</span> <span class='ocrx_word' id='word_1_26' title='bbox 835 395 858 451; x_wconf 84' lang='lat' dir='ltr'>si</span> <span class='ocrx_word' id='word_1_27' title='bbox 870 396 985 472; x_wconf 91' lang='lat' dir='ltr'>quaudo</span> 
     </span>
     <span class='ocr_line' id='line_1_5' title="bbox 141 472 985 544; baseline 0.001 -13"><span class='ocrx_word' id='word_1_28' title='bbox 141 473 187 531; x_wconf 91' lang='lat' dir='ltr'>vel</span> <span class='ocrx_word' id='word_1_29' title='bbox 200 472 381 530; x_wconf 86' lang='lat' dir='ltr'>vaticinando</span> <span class='ocrx_word' id='word_1_30' title='bbox 392 474 436 530; x_wconf 91' lang='lat' dir='ltr'>vel</span> <span class='ocrx_word' id='word_1_31' title='bbox 452 474 622 531; x_wconf 91' lang='lat' dir='ltr'>somniando</span> <span class='ocrx_word' id='word_1_32' title='bbox 633 494 698 532; x_wconf 91' lang='lat' dir='ltr'>vera</span> <span class='ocrx_word' id='word_1_33' title='bbox 710 473 850 544; x_wconf 90' lang='lat' dir='ltr'>viderunt,</span> <span class='ocrx_word' id='word_1_34' title='bbox 861 475 905 531; x_wconf 90' lang='lat' dir='ltr'>usi</span> <span class='ocrx_word' id='word_1_35' title='bbox 919 483 985 532; x_wconf 89' lang='lat' dir='ltr'>sunt</span> 
     </span>
     <span class='ocr_line' id='line_1_6' title="bbox 141 553 985 630; baseline 0 -19"><span class='ocrx_word' id='word_1_36' title='bbox 141 555 262 611; x_wconf 88' lang='lat' dir='ltr'>fortuna</span> <span class='ocrx_word' id='word_1_37' title='bbox 275 561 360 630; x_wconf 89' lang='lat' dir='ltr'>atque</span> <span class='ocrx_word' id='word_1_38' title='bbox 375 573 449 610; x_wconf 80' lang='lat' dir='ltr'>casu.</span> <span class='ocrx_word' id='word_1_39' title='bbox 485 553 548 610; x_wconf 90' lang='lat' dir='ltr'>Nisi</span> <span class='ocrx_word' id='word_1_40' title='bbox 559 555 635 612; x_wconf 85' lang='lat' dir='ltr'>forte</span> <span class='ocrx_word' id='word_1_41' title='bbox 650 573 832 611; x_wconf 80' lang='lat' dir='ltr'>concessuros</span> <span class='ocrx_word' id='word_1_42' title='bbox 846 553 900 610; x_wconf 92' lang='lat' dir='ltr'>tibi</span> <span class='ocrx_word' id='word_1_43' title='bbox 915 556 985 611; x_wconf 84' lang='lat' dir='ltr'>exis·</span> 
     </span>
     <span class='ocr_line' id='line_1_7' title="bbox 141 634 984 711; baseline 0 -20"><span class='ocrx_word' id='word_1_44' title='bbox 141 635 229 691; x_wconf 88' lang='lat' dir='ltr'>timas</span> <span class='ocrx_word' id='word_1_45' title='bbox 245 653 303 705; x_wconf 87' lang='lat' dir='ltr'>eos,</span> <span class='ocrx_word' id='word_1_46' title='bbox 313 634 362 709; x_wconf 89' lang='lat' dir='ltr'>qui</span> <span class='ocrx_word' id='word_1_47' title='bbox 377 635 489 690; x_wconf 89' lang='lat' dir='ltr'>somnia</span> <span class='ocrx_word' id='word_1_48' title='bbox 501 653 554 710; x_wconf 91' lang='lat' dir='ltr'>pro</span> <span class='ocrx_word' id='word_1_49' title='bbox 572 635 691 691; x_wconf 88' lang='lat' dir='ltr'>somniis</span> <span class='ocrx_word' id='word_1_50' title='bbox 704 634 820 702; x_wconf 86' lang='lat' dir='ltr'>habeut,</span> <span class='ocrx_word' id='word_1_51' title='bbox 831 634 855 690; x_wconf 90' lang='lat' dir='ltr'>si</span> <span class='ocrx_word' id='word_1_52' title='bbox 870 634 984 711; x_wconf 90' lang='lat' dir='ltr'>quando</span> 
     </span>
     <span class='ocr_line' id='line_1_8' title="bbox 141 712 985 790; baseline 0 -20"><span class='ocrx_word' id='word_1_53' title='bbox 141 712 260 790; x_wconf 87' lang='lat' dir='ltr'>aliquod</span> <span class='ocrx_word' id='word_1_54' title='bbox 275 714 419 770; x_wconf 89' lang='lat' dir='ltr'>sornninm</span> <span class='ocrx_word' id='word_1_55' title='bbox 433 733 530 770; x_wconf 87' lang='lat' dir='ltr'>verum</span> <span class='ocrx_word' id='word_1_56' title='bbox 546 715 674 784; x_wconf 77' lang='lat' dir='ltr'>evaserit,</span> <span class='ocrx_word' id='word_1_57' title='bbox 687 733 744 770; x_wconf 93' lang='lat' dir='ltr'>non</span> <span class='ocrx_word' id='word_1_58' title='bbox 761 714 792 770; x_wconf 94' lang='lat' dir='ltr'>id</span> <span class='ocrx_word' id='word_1_59' title='bbox 805 715 927 771; x_wconf 88' lang='lat' dir='ltr'>fortuito</span> <span class='ocrx_word' id='word_1_60' title='bbox 942 733 985 770; x_wconf 90' lang='lat' dir='ltr'>ac-</span> 
     </span>
     <span class='ocr_line' id='line_1_9' title="bbox 141 793 984 870; baseline 0 -20"><span class='ocrx_word' id='word_1_61' title='bbox 141 793 253 850; x_wconf 90' lang='lat' dir='ltr'>cidisse.</span> <span class='ocrx_word' id='word_1_62' title='bbox 296 793 353 850; x_wconf 89' lang='lat' dir='ltr'>Sed</span> <span class='ocrx_word' id='word_1_63' title='bbox 372 794 473 850; x_wconf 89' lang='lat' dir='ltr'>demus</span> <span class='ocrx_word' id='word_1_64' title='bbox 492 793 546 850; x_wconf 89' lang='lat' dir='ltr'>tibi</span> <span class='ocrx_word' id='word_1_65' title='bbox 563 794 631 850; x_wconf 88' lang='lat' dir='ltr'>istas</span> <span class='ocrx_word' id='word_1_66' title='bbox 652 794 723 851; x_wconf 88' lang='lat' dir='ltr'>duas</span> <span class='ocrx_word' id='word_1_67' title='bbox 744 793 930 870; x_wconf 80' lang='lat' dir='ltr'>sumptiones,</span> <span class='ocrx_word' id='word_1_68' title='bbox 943 814 984 865; x_wconf 88' lang='lat' dir='ltr'>ea,</span> 
     </span>
     <span class='ocr_line' id='line_1_10' title="bbox 142 873 986 950; baseline 0 -20"><span class='ocrx_word' id='word_1_69' title='bbox 142 892 215 950; x_wconf 87' lang='lat' dir='ltr'>quae</span> <span class='ocrx_word' id='word_1_70' title='bbox 229 874 363 949; x_wconf 78' lang='grc' dir='ltr'>λήμματα</span> <span class='ocrx_word' id='word_1_71' title='bbox 378 874 523 950; x_wconf 88' lang='lat' dir='ltr'>appellant</span> <span class='ocrx_word' id='word_1_72' title='bbox 537 873 686 943; x_wconf 90' lang='lat' dir='ltr'>dialectici,</span> <span class='ocrx_word' id='word_1_73' title='bbox 699 873 749 930; x_wconf 89' lang='lat' dir='ltr'>sod</span> <span class='ocrx_word' id='word_1_74' title='bbox 764 894 817 932; x_wconf 89' lang='lat' dir='ltr'>nos</span> <span class='ocrx_word' id='word_1_75' title='bbox 832 874 931 931; x_wconf 87' lang='lat' dir='ltr'>Latine</span> <span class='ocrx_word' id='word_1_76' title='bbox 946 874 986 930; x_wconf 77' lang='lat' dir='ltr'>lo</span> 
     </span>
     <span class='ocr_line' id='line_1_11' title="bbox 143 953 984 1031; baseline 0.001 -22"><span class='ocrx_word' id='word_1_77' title='bbox 143 953 193 1029; x_wconf 90' lang='lat' dir='ltr'>qui</span> <span class='ocrx_word' id='word_1_78' title='bbox 216 953 378 1010; x_wconf 87' lang='lat' dir='ltr'>malumus:</span> <span class='ocrx_word' id='word_1_79' title='bbox 406 953 571 1029; x_wconf 84' lang='lat' dir='ltr'>adsumptio</span> <span class='ocrx_word' id='word_1_80' title='bbox 593 961 699 1024; x_wconf 87' lang='lat' dir='ltr'>tamon,</span> <span class='ocrx_word' id='word_1_81' title='bbox 719 973 805 1031; x_wconf 91' lang='lat' dir='ltr'>quam</span> <span class='ocrx_word' id='word_1_82' title='bbox 830 953 984 1027; x_wconf 70' lang='grc' dir='ltr'>πρόςληψιν</span> 
     </span>
     <span class='ocr_line' id='line_1_12' title="bbox 141 1032 985 1104; baseline 0.005 -17"><span class='ocrx_word' id='word_1_83' title='bbox 141 1032 230 1088; x_wconf 90' lang='lat' dir='ltr'>iidem</span> <span class='ocrx_word' id='word_1_84' title='bbox 239 1041 415 1104; x_wconf 88' lang='lat' dir='ltr'>vocant,non</span> <span class='ocrx_word' id='word_1_85' title='bbox 428 1033 549 1090; x_wconf 89' lang='lat' dir='ltr'>dabitur.</span> <span class='ocrx_word' id='word_1_86' title='bbox 588 1038 653 1090; x_wconf 84' lang='lat'><strong>109.</strong></span> <span class='ocrx_word' id='word_1_87' title='bbox 667 1033 802 1090; x_wconf 87' lang='lat' dir='ltr'>Adsumit</span> <span class='ocrx_word' id='word_1_88' title='bbox 811 1042 907 1092; x_wconf 91' lang='lat' dir='ltr'>autem</span> <span class='ocrx_word' id='word_1_89' title='bbox 919 1034 985 1091; x_wconf 87' lang='lat' dir='ltr'>Cra-</span> 
     </span>
     <span class='ocr_line' id='line_1_13' title="bbox 140 1112 984 1192; baseline 0.006 -25"><span class='ocrx_word' id='word_1_90' title='bbox 140 1112 240 1188; x_wconf 88' lang='lat' dir='ltr'>tippus</span> <span class='ocrx_word' id='word_1_91' title='bbox 254 1112 309 1170; x_wconf 91' lang='lat' dir='ltr'>hoc</span> <span class='ocrx_word' id='word_1_92' title='bbox 324 1113 428 1170; x_wconf 90' lang='lat' dir='ltr'>modo:</span> <span class='ocrx_word' id='word_1_93' title='bbox 452 1113 553 1170; x_wconf 87' lang='lat' dir='ltr'>“Sunt</span> <span class='ocrx_word' id='word_1_94' title='bbox 567 1119 662 1169; x_wconf 89' lang='lat' dir='ltr'>autom</span> <span class='ocrx_word' id='word_1_95' title='bbox 675 1113 896 1172; x_wconf 89' lang='lat' dir='ltr'>innumerabiles</span> <span class='ocrx_word' id='word_1_96' title='bbox 906 1135 984 1192; x_wconf 76' lang='lat' dir='ltr'>prae</span> 
     </span>
     <span class='ocr_line' id='line_1_14' title="bbox 142 1192 984 1269; baseline 0.006 -22"><span class='ocrx_word' id='word_1_97' title='bbox 142 1193 287 1250; x_wconf 90' lang='lat' dir='ltr'>sensiones</span> <span class='ocrx_word' id='word_1_98' title='bbox 297 1212 356 1250; x_wconf 90' lang='lat' dir='ltr'>non</span> <span class='ocrx_word' id='word_1_99' title='bbox 367 1192 531 1250; x_wconf 85' lang='lat' dir='ltr'>fortuitae.”</span> <span class='ocrx_word' id='word_1_100' title='bbox 566 1193 609 1249; x_wconf 87' lang='lat' dir='ltr'>At</span> <span class='ocrx_word' id='word_1_101' title='bbox 620 1211 673 1269; x_wconf 84' lang='lat' dir='ltr'>ego</span> <span class='ocrx_word' id='word_1_102' title='bbox 685 1192 750 1250; x_wconf 92' lang='lat' dir='ltr'>dico</span> <span class='ocrx_word' id='word_1_103' title='bbox 761 1193 876 1252; x_wconf 87' lang='lat' dir='ltr'>nullam.</span> <span class='ocrx_word' id='word_1_104' title='bbox 910 1195 984 1252; x_wconf 87' lang='lat' dir='ltr'>Vide</span> 
     </span>
     <span class='ocr_line' id='line_1_15' title="bbox 142 1273 984 1350; baseline 0.005 -22"><span class='ocrx_word' id='word_1_105' title='bbox 142 1280 249 1348; x_wconf 86' lang='lat' dir='ltr'>quanta</span> <span class='ocrx_word' id='word_1_106' title='bbox 263 1273 300 1330; x_wconf 89' lang='lat' dir='ltr'>sit</span> <span class='ocrx_word' id='word_1_107' title='bbox 314 1273 513 1331; x_wconf 87' lang='lat' dir='ltr'>controversia</span> <span class='ocrx_word' id='word_1_108' title='bbox 552 1273 614 1330; x_wconf 91' lang='lat' dir='ltr'>lam</span> <span class='ocrx_word' id='word_1_109' title='bbox 629 1273 830 1350; x_wconf 83' lang='lat' dir='ltr'>adsumptione</span> <span class='ocrx_word' id='word_1_110' title='bbox 845 1292 903 1331; x_wconf 90' lang='lat' dir='ltr'>non</span> <span class='ocrx_word' id='word_1_111' title='bbox 918 1294 984 1332; x_wconf 91' lang='lat' dir='ltr'>con·</span> 
     </span>
     <span class='ocr_line' id='line_1_16' title="bbox 141 1352 982 1431; baseline 0.005 -23"><span class='ocrx_word' id='word_1_112' title='bbox 141 1371 219 1409; x_wconf 92' lang='lat' dir='ltr'>cessa</span> <span class='ocrx_word' id='word_1_113' title='bbox 229 1352 307 1410; x_wconf 89' lang='lat' dir='ltr'>nulla</span> <span class='ocrx_word' id='word_1_114' title='bbox 318 1354 463 1410; x_wconf 91' lang='lat' dir='ltr'>conclusio</span> <span class='ocrx_word' id='word_1_115' title='bbox 474 1360 525 1411; x_wconf 89' lang='lat' dir='ltr'>est.</span> <span class='ocrx_word' id='word_1_116' title='bbox 561 1353 603 1411; x_wconf 86' lang='lat' dir='ltr'>At</span> <span class='ocrx_word' id='word_1_117' title='bbox 613 1353 796 1430; x_wconf 89' lang='lat' dir='ltr'>impudentes</span> <span class='ocrx_word' id='word_1_118' title='bbox 807 1373 913 1425; x_wconf 88' lang='lat' dir='ltr'>sumus,</span> <span class='ocrx_word' id='word_1_119' title='bbox 925 1356 982 1431; x_wconf 92' lang='lat' dir='ltr'>qui,</span> 
     </span>
     <span class='ocr_line' id='line_1_17' title="bbox 141 1432 983 1511; baseline 0.005 -23"><span class='ocrx_word' id='word_1_120' title='bbox 141 1451 207 1489; x_wconf 90' lang='lat' dir='ltr'>cum</span> <span class='ocrx_word' id='word_1_121' title='bbox 217 1440 276 1490; x_wconf 82' lang='lat' dir='ltr'>tam</span> <span class='ocrx_word' id='word_1_122' title='bbox 289 1434 471 1511; x_wconf 88' lang='lat' dir='ltr'>perspicuum</span> <span class='ocrx_word' id='word_1_123' title='bbox 487 1434 532 1505; x_wconf 87' lang='lat' dir='ltr'>sit,</span> <span class='ocrx_word' id='word_1_124' title='bbox 542 1453 601 1490; x_wconf 91' lang='lat' dir='ltr'>non</span> <span class='ocrx_word' id='word_1_125' title='bbox 616 1433 813 1490; x_wconf 88' lang='lat' dir='ltr'>concedamus.</span> <span class='ocrx_word' id='word_1_126' title='bbox 848 1432 926 1502; x_wconf 80' lang='lat' dir='ltr'>Quid</span> <span class='ocrx_word' id='word_1_127' title='bbox 940 1443 983 1492; x_wconf 91' lang='lat' dir='ltr'>est</span> 
     </span>
     <span class='ocr_line' id='line_1_18' title="bbox 139 1512 983 1591; baseline 0.005 -23"><span class='ocrx_word' id='word_1_128' title='bbox 139 1514 343 1590; x_wconf 66' lang='lat' dir='ltr'>perspicuum?</span> <span class='ocrx_word' id='word_1_129' title='bbox 371 1514 463 1572; x_wconf 91' lang='lat' dir='ltr'>Multa</span> <span class='ocrx_word' id='word_1_130' title='bbox 471 1515 653 1591; x_wconf 73' lang='lat' dir='ltr'>vmainquit,</span> <span class='ocrx_word' id='word_1_131' title='bbox 661 1514 786 1572; x_wconf 86' lang='lat' dir='ltr'>evadere.</span> <span class='ocrx_word' id='word_1_132' title='bbox 814 1512 983 1591; x_wconf 77' lang='lat' dir='ltr'>Quidquod</span> 
     </span>
     <span class='ocr_line' id='line_1_19' title="bbox 139 1593 984 1672; baseline 0.004 -24"><span class='ocrx_word' id='word_1_133' title='bbox 139 1593 233 1650; x_wconf 89' lang='lat' dir='ltr'>multo</span> <span class='ocrx_word' id='word_1_134' title='bbox 245 1594 326 1670; x_wconf 85' lang='lat' dir='ltr'>plura</span> <span class='ocrx_word' id='word_1_135' title='bbox 336 1594 426 1651; x_wconf 74' lang='lat' dir='ltr'>falsat</span> <span class='ocrx_word' id='word_1_136' title='bbox 460 1593 563 1652; x_wconf 89' lang='lat' dir='ltr'>Nonne</span> <span class='ocrx_word' id='word_1_137' title='bbox 574 1595 637 1671; x_wconf 87' lang='lat' dir='ltr'>ipsa</span> <span class='ocrx_word' id='word_1_138' title='bbox 647 1595 775 1665; x_wconf 88' lang='lat' dir='ltr'>varietas,</span> <span class='ocrx_word' id='word_1_139' title='bbox 784 1613 855 1670; x_wconf 90' lang='lat' dir='ltr'>quae</span> <span class='ocrx_word' id='word_1_140' title='bbox 866 1602 909 1651; x_wconf 90' lang='lat' dir='ltr'>est</span> <span class='ocrx_word' id='word_1_141' title='bbox 920 1615 984 1672; x_wconf 89' lang='lat' dir='ltr'>pro-</span> 
     </span>
     <span class='ocr_line' id='line_1_20' title="bbox 139 1673 984 1750; baseline 0.002 -20"><span class='ocrx_word' id='word_1_142' title='bbox 139 1673 203 1750; x_wconf 87' lang='lat' dir='ltr'>pria</span> <span class='ocrx_word' id='word_1_143' title='bbox 211 1673 353 1745; x_wconf 88' lang='lat' dir='ltr'>fortunae,</span> <span class='ocrx_word' id='word_1_144' title='bbox 362 1675 509 1732; x_wconf 87' lang='lat' dir='ltr'>fortunam</span> <span class='ocrx_word' id='word_1_145' title='bbox 521 1694 581 1733; x_wconf 91' lang='lat' dir='ltr'>esse</span> <span class='ocrx_word' id='word_1_146' title='bbox 592 1694 714 1746; x_wconf 86' lang='lat' dir='ltr'>eausam,</span> <span class='ocrx_word' id='word_1_147' title='bbox 722 1694 780 1731; x_wconf 90' lang='lat' dir='ltr'>non</span> <span class='ocrx_word' id='word_1_148' title='bbox 792 1682 922 1731; x_wconf 91' lang='lat' dir='ltr'>naturam</span> <span class='ocrx_word' id='word_1_149' title='bbox 934 1675 984 1732; x_wconf 94' lang='lat' dir='ltr'>do-</span> 
     </span>
     <span class='ocr_line' id='line_1_21' title="bbox 139 1754 984 1831; baseline 0.002 -21"><span class='ocrx_word' id='word_1_150' title='bbox 139 1754 204 1810; x_wconf 74' lang='lat' dir='ltr'>cetl</span> <span class='ocrx_word' id='word_1_151' title='bbox 241 1754 362 1825; x_wconf 88' lang='lat' dir='ltr'>Deinde,</span> <span class='ocrx_word' id='word_1_152' title='bbox 373 1755 397 1812; x_wconf 85' lang='lat' dir='ltr'>si</span> <span class='ocrx_word' id='word_1_153' title='bbox 411 1762 461 1812; x_wconf 89' lang='lat' dir='ltr'>tua</span> <span class='ocrx_word' id='word_1_154' title='bbox 475 1755 530 1812; x_wconf 84' lang='lat' dir='ltr'>ista</span> <span class='ocrx_word' id='word_1_155' title='bbox 544 1755 696 1826; x_wconf 82' lang='lat' dir='ltr'>conclusio,</span> <span class='ocrx_word' id='word_1_156' title='bbox 708 1755 852 1831; x_wconf 83' lang='lat' dir='ltr'>Cratippe,</span> <span class='ocrx_word' id='word_1_157' title='bbox 860 1774 926 1812; x_wconf 85' lang='lat' dir='ltr'>vera</span> <span class='ocrx_word' id='word_1_158' title='bbox 940 1761 984 1812; x_wconf 93' lang='lat' dir='ltr'>est</span> 
     </span>
     <span class='ocr_line' id='line_1_22' title="bbox 138 1834 982 1912; baseline 0.002 -22"><span class='ocrx_word' id='word_1_159' title='bbox 138 1840 276 1891; x_wconf 89' lang='lat' dir='ltr'>—tecum</span> <span class='ocrx_word' id='word_1_160' title='bbox 291 1835 368 1891; x_wconf 91' lang='lat' dir='ltr'>enim</span> <span class='ocrx_word' id='word_1_161' title='bbox 385 1835 457 1891; x_wconf 90' lang='lat' dir='ltr'>mihi</span> <span class='ocrx_word' id='word_1_162' title='bbox 472 1853 516 1892; x_wconf 89' lang='lat' dir='ltr'>res</span> <span class='ocrx_word' id='word_1_163' title='bbox 530 1841 709 1892; x_wconf 89' lang='lat' dir='ltr'>est-nonne</span> <span class='ocrx_word' id='word_1_164' title='bbox 723 1834 866 1912; x_wconf 83' lang='lat' dir='ltr'>intellegis</span> <span class='ocrx_word' id='word_1_165' title='bbox 883 1835 982 1893; x_wconf 90' lang='lat' dir='ltr'>eadem</span> 
     </span>
     <span class='ocr_line' id='line_1_23' title="bbox 138 1914 982 1992; baseline 0.004 -22"><span class='ocrx_word' id='word_1_166' title='bbox 138 1914 183 1970; x_wconf 87' lang='lat' dir='ltr'>uti</span> <span class='ocrx_word' id='word_1_167' title='bbox 198 1933 282 1990; x_wconf 88' lang='lat' dir='ltr'>posse</span> <span class='ocrx_word' id='word_1_168' title='bbox 296 1921 325 1972; x_wconf 91' lang='lat' dir='ltr'>et</span> <span class='ocrx_word' id='word_1_169' title='bbox 338 1914 503 1990; x_wconf 88' lang='lat' dir='ltr'>haruspices</span> <span class='ocrx_word' id='word_1_170' title='bbox 520 1922 549 1972; x_wconf 89' lang='lat' dir='ltr'>ot</span> <span class='ocrx_word' id='word_1_171' title='bbox 562 1914 754 1991; x_wconf 80' lang='lat' dir='ltr'>fulguratores</span> <span class='ocrx_word' id='word_1_172' title='bbox 771 1923 799 1972; x_wconf 91' lang='lat' dir='ltr'>et</span> <span class='ocrx_word' id='word_1_173' title='bbox 813 1916 982 1992; x_wconf 82' lang='lat' dir='ltr'>interpretes</span> 
     </span>
     <span class='ocr_line' id='line_1_24' title="bbox 140 1994 982 2072; baseline 0.004 -23"><span class='ocrx_word' id='word_1_174' title='bbox 140 2000 319 2051; x_wconf 88' lang='lat' dir='ltr'>ostentorum</span> <span class='ocrx_word' id='word_1_175' title='bbox 342 2002 372 2052; x_wconf 91' lang='lat' dir='ltr'>et</span> <span class='ocrx_word' id='word_1_176' title='bbox 392 2013 513 2070; x_wconf 84' lang='lat' dir='ltr'>augures</span> <span class='ocrx_word' id='word_1_177' title='bbox 532 2002 561 2051; x_wconf 90' lang='lat' dir='ltr'>et</span> <span class='ocrx_word' id='word_1_178' title='bbox 582 1994 732 2072; x_wconf 85' lang='lat' dir='ltr'>sortilegos</span> <span class='ocrx_word' id='word_1_179' title='bbox 755 2001 784 2052; x_wconf 89' lang='lat' dir='ltr'>et</span> <span class='ocrx_word' id='word_1_180' title='bbox 804 1995 982 2052; x_wconf 64' lang='lat' dir='ltr'>Chaldaeos?</span> 
     </span>
     <span class='ocr_line' id='line_1_25' title="bbox 140 2073 982 2152; baseline 0.002 -22"><span class='ocrx_word' id='word_1_181' title='bbox 140 2093 263 2150; x_wconf 90' lang='lat' dir='ltr'>quorum</span> <span class='ocrx_word' id='word_1_182' title='bbox 274 2093 411 2150; x_wconf 84' lang='lat' dir='ltr'>genemm</span> <span class='ocrx_word' id='word_1_183' title='bbox 422 2073 532 2131; x_wconf 91' lang='lat' dir='ltr'>nullum</span> <span class='ocrx_word' id='word_1_184' title='bbox 544 2083 635 2147; x_wconf 73' lang='lat' dir='ltr'>estex</span> <span class='ocrx_word' id='word_1_185' title='bbox 647 2095 704 2152; x_wconf 92' lang='lat' dir='ltr'>quo</span> <span class='ocrx_word' id='word_1_186' title='bbox 716 2095 773 2133; x_wconf 91' lang='lat' dir='ltr'>non</span> <span class='ocrx_word' id='word_1_187' title='bbox 784 2075 899 2152; x_wconf 90' lang='lat' dir='ltr'>aliquid,</span> <span class='ocrx_word' id='word_1_188' title='bbox 909 2076 982 2132; x_wconf 88' lang='lat' dir='ltr'>sicut</span> 
     </span>
     <span class='ocr_line' id='line_1_26' title="bbox 140 2153 983 2233; baseline 0.002 -24"><span class='ocrx_word' id='word_1_189' title='bbox 140 2153 319 2229; x_wconf 90' lang='lat' dir='ltr'>praedictum</span> <span class='ocrx_word' id='word_1_190' title='bbox 334 2155 379 2226; x_wconf 91' lang='lat' dir='ltr'>sit,</span> <span class='ocrx_word' id='word_1_191' title='bbox 390 2155 517 2212; x_wconf 87' lang='lat' dir='ltr'>evaserit.</span> <span class='ocrx_word' id='word_1_192' title='bbox 553 2155 631 2230; x_wconf 66' lang='lat' dir='ltr'>Ergo</span> <span class='ocrx_word' id='word_1_193' title='bbox 646 2163 739 2213; x_wconf 90' lang='lat' dir='ltr'>autea</span> <span class='ocrx_word' id='word_1_194' title='bbox 754 2175 867 2233; x_wconf 87' lang='lat' dir='ltr'>quoque</span> <span class='ocrx_word' id='word_1_195' title='bbox 878 2175 983 2232; x_wconf 85' lang='lat' dir='ltr'>genera</span> 
     </span>
     <span class='ocr_line' id='line_1_27' title="bbox 140 2233 981 2312; baseline 0.002 -23"><span class='ocrx_word' id='word_1_196' title='bbox 140 2233 289 2290; x_wconf 90' lang='lat' dir='ltr'>divinandi</span> <span class='ocrx_word' id='word_1_197' title='bbox 310 2242 385 2305; x_wconf 88' lang='lat' dir='ltr'>suut,</span> <span class='ocrx_word' id='word_1_198' title='bbox 399 2254 470 2311; x_wconf 91' lang='lat' dir='ltr'>quae</span> <span class='ocrx_word' id='word_1_199' title='bbox 489 2244 522 2292; x_wconf 91' lang='lat' dir='ltr'>tu</span> <span class='ocrx_word' id='word_1_200' title='bbox 543 2237 700 2293; x_wconf 87' lang='lat' dir='ltr'>rectissime</span> <span class='ocrx_word' id='word_1_201' title='bbox 721 2235 874 2312; x_wconf 85' lang='lat' dir='ltr'>improbas,</span> <span class='ocrx_word' id='word_1_202' title='bbox 887 2242 944 2306; x_wconf 90' lang='lat' dir='ltr'>aut,</span> <span class='ocrx_word' id='word_1_203' title='bbox 958 2235 981 2291; x_wconf 91' lang='lat' dir='ltr'>si</span> 
     </span>
     <span class='ocr_line' id='line_1_28' title="bbox 140 2314 981 2391; baseline 0.001 -21"><span class='ocrx_word' id='word_1_204' title='bbox 140 2331 174 2370; x_wconf 89' lang='lat' dir='ltr'>ea</span> <span class='ocrx_word' id='word_1_205' title='bbox 193 2332 252 2369; x_wconf 92' lang='lat' dir='ltr'>non</span> <span class='ocrx_word' id='word_1_206' title='bbox 276 2321 350 2384; x_wconf 89' lang='lat' dir='ltr'>suut,</span> <span class='ocrx_word' id='word_1_207' title='bbox 363 2333 422 2370; x_wconf 91' lang='lat' dir='ltr'>nou</span> <span class='ocrx_word' id='word_1_208' title='bbox 444 2314 579 2391; x_wconf 74' lang='lat' dir='ltr'>intellego</span> <span class='ocrx_word' id='word_1_209' title='bbox 594 2335 644 2372; x_wconf 89' lang='lat' dir='ltr'>cur</span> <span class='ocrx_word' id='word_1_210' title='bbox 660 2315 729 2372; x_wconf 89' lang='lat' dir='ltr'>haec</span> <span class='ocrx_word' id='word_1_211' title='bbox 750 2315 809 2371; x_wconf 92' lang='lat' dir='ltr'>duo</span> <span class='ocrx_word' id='word_1_212' title='bbox 831 2315 896 2383; x_wconf 91' lang='lat' dir='ltr'>sint,</span> <span class='ocrx_word' id='word_1_213' title='bbox 909 2333 981 2390; x_wconf 86' lang='lat' dir='ltr'>quae</span> 
     </span>
     <span class='ocr_line' id='line_1_29' title="bbox 139 2391 983 2471; baseline 0.002 -23"><span class='ocrx_word' id='word_1_214' title='bbox 139 2391 284 2469; x_wconf 88' lang='lat' dir='ltr'>relinquis.</span> <span class='ocrx_word' id='word_1_215' title='bbox 317 2393 381 2462; x_wconf 80' lang='lat' dir='ltr'>Qua</span> <span class='ocrx_word' id='word_1_216' title='bbox 395 2413 463 2471; x_wconf 83' lang='lat' dir='ltr'>ergo</span> <span class='ocrx_word' id='word_1_217' title='bbox 478 2396 588 2451; x_wconf 88' lang='lat' dir='ltr'>ratione</span> <span class='ocrx_word' id='word_1_218' title='bbox 602 2395 672 2451; x_wconf 86' lang='lat' dir='ltr'>haec</span> <span class='ocrx_word' id='word_1_219' title='bbox 686 2394 806 2464; x_wconf 91' lang='lat' dir='ltr'>inducis,</span> <span class='ocrx_word' id='word_1_220' title='bbox 819 2394 919 2450; x_wconf 88' lang='lat' dir='ltr'>eadem</span> <span class='ocrx_word' id='word_1_221' title='bbox 934 2394 983 2450; x_wconf 89' lang='lat' dir='ltr'>illa</span> 
     </span>
     <span class='ocr_line' id='line_1_30' title="bbox 139 2474 526 2551; baseline 0.008 -23"><span class='ocrx_word' id='word_1_222' title='bbox 139 2480 261 2548; x_wconf 91' lang='lat' dir='ltr'>possunt</span> <span class='ocrx_word' id='word_1_223' title='bbox 273 2493 341 2543; x_wconf 90' lang='lat' dir='ltr'>esse,</span> <span class='ocrx_word' id='word_1_224' title='bbox 355 2493 426 2551; x_wconf 90' lang='lat' dir='ltr'>quac</span> <span class='ocrx_word' id='word_1_225' title='bbox 440 2474 526 2531; x_wconf 82' lang='lat' dir='ltr'>tollis</span> 
     </span>
    </p>

    <p class='ocr_par' dir='ltr' id='par_1_3' title="bbox 139 2551 983 2868">
     <span class='ocr_line' id='line_1_31' title="bbox 181 2551 983 2622; baseline 0.001 -14"><span class='ocrx_word' id='word_1_226' title='bbox 181 2551 257 2610; x_wconf 90' lang='lat' dir='ltr'><strong>LIV.</strong></span> <span class='ocrx_word' id='word_1_227' title='bbox 302 2559 367 2610; x_wconf 86' lang='lat'>110.</span> <span class='ocrx_word' id='word_1_228' title='bbox 398 2553 475 2622; x_wconf 78' lang='lat' dir='ltr'>Quid</span> <span class='ocrx_word' id='word_1_229' title='bbox 500 2573 566 2611; x_wconf 88' lang='lat' dir='ltr'>vcro</span> <span class='ocrx_word' id='word_1_230' title='bbox 586 2551 674 2609; x_wconf 85' lang='lat' dir='ltr'>habet</span> <span class='ocrx_word' id='word_1_231' title='bbox 698 2551 877 2610; x_wconf 86' lang='lat' dir='ltr'>auctoritatis</span> <span class='ocrx_word' id='word_1_232' title='bbox 900 2553 983 2609; x_wconf 88' lang='lat' dir='ltr'>furor</span> 
     </span>
     <span class='ocr_line' id='line_1_32' title="bbox 140 2630 982 2709; baseline 0.001 -22"><span class='ocrx_word' id='word_1_233' title='bbox 140 2630 202 2702; x_wconf 90' lang='lat' dir='ltr'>iste,</span> <span class='ocrx_word' id='word_1_234' title='bbox 216 2651 301 2708; x_wconf 91' lang='lat' dir='ltr'>quem</span> <span class='ocrx_word' id='word_1_235' title='bbox 318 2633 448 2690; x_wconf 90' lang='lat' dir='ltr'>divinum</span> <span class='ocrx_word' id='word_1_236' title='bbox 466 2633 582 2703; x_wconf 84' lang='lat' dir='ltr'>vocatia,</span> <span class='ocrx_word' id='word_1_237' title='bbox 594 2638 635 2704; x_wconf 87' lang='lat' dir='ltr'>ut,</span> <span class='ocrx_word' id='word_1_238' title='bbox 649 2651 720 2709; x_wconf 91' lang='lat' dir='ltr'>quae</span> <span class='ocrx_word' id='word_1_239' title='bbox 738 2633 850 2709; x_wconf 90' lang='lat' dir='ltr'>sapiens</span> <span class='ocrx_word' id='word_1_240' title='bbox 867 2651 925 2689; x_wconf 91' lang='lat' dir='ltr'>non</span> <span class='ocrx_word' id='word_1_241' title='bbox 943 2632 982 2688; x_wconf 91' lang='lat' dir='ltr'>vi-</span> 
     </span>
     <span class='ocr_line' id='line_1_33' title="bbox 139 2711 981 2789; baseline 0 -21"><span class='ocrx_word' id='word_1_242' title='bbox 139 2711 214 2782; x_wconf 89' lang='lat' dir='ltr'>deat,</span> <span class='ocrx_word' id='word_1_243' title='bbox 230 2732 263 2769; x_wconf 89' lang='lat' dir='ltr'>ea</span> <span class='ocrx_word' id='word_1_244' title='bbox 287 2713 383 2770; x_wconf 91' lang='lat' dir='ltr'>videat</span> <span class='ocrx_word' id='word_1_245' title='bbox 407 2714 523 2770; x_wconf 88' lang='lat' dir='ltr'>insanus</span> <span class='ocrx_word' id='word_1_246' title='bbox 548 2720 577 2770; x_wconf 90' lang='lat' dir='ltr'>et</span> <span class='ocrx_word' id='word_1_247' title='bbox 601 2713 633 2783; x_wconf 92' lang='lat' dir='ltr'>is,</span> <span class='ocrx_word' id='word_1_248' title='bbox 650 2713 699 2789; x_wconf 92' lang='lat' dir='ltr'>qui</span> <span class='ocrx_word' id='word_1_249' title='bbox 721 2711 863 2769; x_wconf 89' lang='lat' dir='ltr'>humanos</span> <span class='ocrx_word' id='word_1_250' title='bbox 883 2730 981 2769; x_wconf 89' lang='lat' dir='ltr'>sensus</span> 
     </span>
     <span class='ocr_line' id='line_1_34' title="bbox 139 2791 982 2868; baseline 0.001 -21"><span class='ocrx_word' id='word_1_251' title='bbox 139 2793 274 2863; x_wconf 91' lang='lat' dir='ltr'>amiserit,</span> <span class='ocrx_word' id='word_1_252' title='bbox 286 2793 400 2850; x_wconf 91' lang='lat' dir='ltr'>divinos</span> <span class='ocrx_word' id='word_1_253' title='bbox 417 2793 567 2850; x_wconf 87' lang='lat' dir='ltr'>adsecutus</span> <span class='ocrx_word' id='word_1_254' title='bbox 585 2793 640 2850; x_wconf 79' lang='lat' dir='ltr'>sitl</span> <span class='ocrx_word' id='word_1_255' title='bbox 681 2791 806 2868; x_wconf 85' lang='lat' dir='ltr'>Sibyllae</span> <span class='ocrx_word' id='word_1_256' title='bbox 823 2811 919 2848; x_wconf 91' lang='lat' dir='ltr'>versus</span> <span class='ocrx_word' id='word_1_257' title='bbox 934 2791 982 2848; x_wconf 93' lang='lat' dir='ltr'>ob-</span> 
     </span>
    </p>
   </div>
   <div class='ocr_carea' id='block_1_3' title="bbox 139 2871 982 3268">
    <p class='ocr_par' dir='ltr' id='par_1_4' title="bbox 139 2871 982 3268">
     <span class='ocr_line' id='line_1_35' title="bbox 139 2871 981 2950; baseline 0 -23"><span class='ocrx_word' id='word_1_258' title='bbox 139 2890 292 2944; x_wconf 88' lang='lat' dir='ltr'>servamus,</span> <span class='ocrx_word' id='word_1_259' title='bbox 306 2892 377 2950; x_wconf 94' lang='lat' dir='ltr'>quos</span> <span class='ocrx_word' id='word_1_260' title='bbox 394 2873 442 2930; x_wconf 90' lang='lat' dir='ltr'>illa</span> <span class='ocrx_word' id='word_1_261' title='bbox 455 2874 554 2930; x_wconf 86' lang='lat' dir='ltr'>furens</span> <span class='ocrx_word' id='word_1_262' title='bbox 570 2873 679 2929; x_wconf 83' lang='lat' dir='ltr'>fudisse</span> <span class='ocrx_word' id='word_1_263' title='bbox 697 2872 808 2928; x_wconf 90' lang='lat' dir='ltr'>dicitur.</span> <span class='ocrx_word' id='word_1_264' title='bbox 852 2871 981 2940; x_wconf 77' lang='lat' dir='ltr'>Quorum</span> 
     </span>
     <span class='ocr_line' id='line_1_36' title="bbox 139 2950 982 3029; baseline 0.001 -23"><span class='ocrx_word' id='word_1_265' title='bbox 139 2950 278 3029; x_wconf 89' lang='lat' dir='ltr'>interpres</span> <span class='ocrx_word' id='word_1_266' title='bbox 295 2971 386 3028; x_wconf 90' lang='lat' dir='ltr'>nuper</span> <span class='ocrx_word' id='word_1_267' title='bbox 402 2953 475 3009; x_wconf 88' lang='lat' dir='ltr'>falsa</span> <span class='ocrx_word' id='word_1_268' title='bbox 492 2953 612 3029; x_wconf 85' lang='lat' dir='ltr'>quadam</span> <span class='ocrx_word' id='word_1_269' title='bbox 629 2952 780 3009; x_wconf 91' lang='lat' dir='ltr'>homiuum</span> <span class='ocrx_word' id='word_1_270' title='bbox 797 2951 875 3008; x_wconf 86' lang='lat' dir='ltr'>fama</span> <span class='ocrx_word' id='word_1_271' title='bbox 892 2951 982 3008; x_wconf 88' lang='lat' dir='ltr'>dictu-</span> 
     </span>
     <span class='ocr_line' id='line_1_37' title="bbox 139 3030 982 3108; baseline -0.001 -21"><span class='ocrx_word' id='word_1_272' title='bbox 139 3049 187 3088; x_wconf 89' lang='lat' dir='ltr'>rus</span> <span class='ocrx_word' id='word_1_273' title='bbox 202 3032 230 3088; x_wconf 94' lang='lat' dir='ltr'>in</span> <span class='ocrx_word' id='word_1_274' title='bbox 246 3040 345 3089; x_wconf 87' lang='lat' dir='ltr'>senatu</span> <span class='ocrx_word' id='word_1_275' title='bbox 357 3032 511 3108; x_wconf 84' lang='lat' dir='ltr'>putabatur</span> <span class='ocrx_word' id='word_1_276' title='bbox 525 3051 599 3101; x_wconf 90' lang='lat' dir='ltr'>eum,</span> <span class='ocrx_word' id='word_1_277' title='bbox 611 3051 695 3108; x_wconf 92' lang='lat' dir='ltr'>quem</span> <span class='ocrx_word' id='word_1_278' title='bbox 711 3051 740 3088; x_wconf 91' lang='lat' dir='ltr'>re</span> <span class='ocrx_word' id='word_1_279' title='bbox 752 3049 816 3087; x_wconf 90' lang='lat' dir='ltr'>vera</span> <span class='ocrx_word' id='word_1_280' title='bbox 827 3049 923 3106; x_wconf 80' lang='lat' dir='ltr'>regem</span> <span class='ocrx_word' id='word_1_281' title='bbox 934 3030 982 3086; x_wconf 90' lang='lat' dir='ltr'>ha-</span> 
     </span>
     <span class='ocr_line' id='line_1_38' title="bbox 140 3108 982 3189; baseline 0 -23"><span class='ocrx_word' id='word_1_282' title='bbox 140 3108 285 3181; x_wconf 86' lang='lat' dir='ltr'>bebamus,</span> <span class='ocrx_word' id='word_1_283' title='bbox 304 3112 506 3189; x_wconf 90' lang='lat' dir='ltr'>appellandum</span> <span class='ocrx_word' id='word_1_284' title='bbox 529 3131 643 3188; x_wconf 90' lang='lat' dir='ltr'>quoque</span> <span class='ocrx_word' id='word_1_285' title='bbox 665 3129 724 3168; x_wconf 90' lang='lat' dir='ltr'>esse</span> <span class='ocrx_word' id='word_1_286' title='bbox 745 3130 850 3188; x_wconf 82' lang='lat' dir='ltr'>regem,</span> <span class='ocrx_word' id='word_1_287' title='bbox 867 3112 890 3167; x_wconf 91' lang='lat' dir='ltr'>si</span> <span class='ocrx_word' id='word_1_288' title='bbox 913 3109 982 3167; x_wconf 88' lang='lat' dir='ltr'>salvi</span> 
     </span>
     <span class='ocr_line' id='line_1_39' title="bbox 139 3189 981 3268; baseline -0.001 -22"><span class='ocrx_word' id='word_1_289' title='bbox 139 3207 199 3247; x_wconf 88' lang='lat' dir='ltr'>esse</span> <span class='ocrx_word' id='word_1_290' title='bbox 221 3191 364 3248; x_wconf 89' lang='lat' dir='ltr'>vellemus.</span> <span class='ocrx_word' id='word_1_291' title='bbox 407 3191 473 3247; x_wconf 87' lang='lat' dir='ltr'>Hoc</span> <span class='ocrx_word' id='word_1_292' title='bbox 490 3192 514 3249; x_wconf 90' lang='lat' dir='ltr'>si</span> <span class='ocrx_word' id='word_1_293' title='bbox 531 3199 574 3248; x_wconf 84' lang='lat' dir='ltr'>est</span> <span class='ocrx_word' id='word_1_294' title='bbox 591 3191 620 3247; x_wconf 88' lang='lat' dir='ltr'>iu</span> <span class='ocrx_word' id='word_1_295' title='bbox 638 3190 725 3262; x_wconf 90' lang='lat' dir='ltr'>libris,</span> <span class='ocrx_word' id='word_1_296' title='bbox 741 3191 769 3247; x_wconf 94' lang='lat' dir='ltr'>in</span> <span class='ocrx_word' id='word_1_297' title='bbox 788 3210 874 3268; x_wconf 90' lang='lat' dir='ltr'>quem</span> <span class='ocrx_word' id='word_1_298' title='bbox 890 3189 981 3246; x_wconf 90' lang='lat' dir='ltr'>homi-</span> 
     </span>
    </p>
   </div>
   <div class='ocr_carea' id='block_1_4' title="bbox 0 0 1116 3446">
    <p class='ocr_par' dir='ltr' id='par_1_5' title="bbox 0 0 1116 3446">
     <span class='ocr_line' id='line_1_40' title="bbox 0 0 1116 3446; baseline 0 0"><span class='ocrx_word' id='word_1_299' title='bbox 0 0 1116 3446; x_wconf 95' lang='lat' dir='ltr'> </span> 
     </span>
    </p>
   </div>
  </div>
 </body>
</html>
