2224 3446
223 131 291 180 LlB.
306 131 353 191 ll.,
368 130 446 180 CAP.
461 129 747 194 XXXV1.—XXX1X.‚
763 131 776 191 ἓ
793 134 881 182 77-83.
926 134 987 192 225,

130 250 204 309 quae
218 229 346 288 volueres
359 231 416 288 huc
430 237 460 288 et
473 231 541 288 illuc
555 232 662 308 passim
674 238 809 308 vagantes
823 231 928 289 efficiet
941 239 974 288 ut

130 309 293 388 significent
310 310 418 388 aliquid
435 317 465 368 et
480 318 544 368 tum
559 318 657 369 vetent
672 331 763 388 agere,
776 319 839 368 tum
856 312 974 369 iubeant

130 400 180 448 aut
195 398 281 447 cantu
297 398 347 447 aut
362 390 477 448 volatu?
518 391 577 448 Cur
590 399 686 449 autem
703 391 765 449 aliis
782 411 799 448 a
812 391 898 462 laeva,
911 392 974 448 aliis

130 491 148 528 a
161 471 261 528 dextra
277 470 377 527 datum
394 477 438 528 est
452 471 551 528 avibus
567 478 709 528 atratum
726 472 886 548 auspicium
900 473 975 528 face-

26 553 29 557 ’
74 539 76 544 ’
131 571 161 608 re
175 550 306 627 possintl
347 549 411 618 Quo
428 551 516 608 modo
531 559 628 609 autem
642 551 711 609 haec
728 558 777 609 aut
792 551 907 629 quaudo
924 559 974 608 aut

130 651 148 688 a
169 629 272 708 quibus
293 630 410 687 inventa
430 630 576 690 dicemusl
616 631 730 689 Etrusci
751 640 846 689 tamen
866 631 974 688 habent

131 717 277 768 exaratum
298 729 419 786 puerum
440 718 586 768 auctorem
607 711 773 788 disciplinae
794 731 869 769 suae.
912 711 974 768 Nos

132 791 236 868 queml
276 790 420 846 Attumne
437 790 581 848 Navium?
620 792 663 848 At
677 792 787 869 aliquot
803 792 885 849 annis
902 793 974 848 anti-

132 870 216 947 quior
231 869 372 926 Romulus
393 877 422 927 et
438 869 554 942 Remus⁷
567 871 653 928 ambo
674 891 803 947 augurer,
817 879 849 929 ut
866 872 974 948 accepi-

110 975 114 982 ·
130 969 202 1007 ntus.
245 949 294 1007 An
308 949 471 1007 Pisidarum
486 957 536 1007 aut
550 950 673 1008 Cilicum
688 960 738 1008 aut
753 952 904 1028 Phrygum
919 952 975 1008 ista

131 1030 248 1086 inventa
264 1029 410 1086 dicemus?
450 1029 549 1087 Placet
566 1031 655 1108 igitur
671 1031 858 1089 humanitatis
878 1051 975 1108 expor-

131 1117 174 1167 tes
192 1108 295 1166 habere
313 1109 472 1166 divinitatis
493 1111 640 1167 auctorest
681 1111 826 1169 XXXIX.
841 1111 844 1116 '
870 1118 916 1170 81.
932 1112 975 1169 At

131 1209 231 1246 omnes
241 1208 330 1266 reges,
338 1189 446 1267 populi,
457 1191 588 1247 nationes
598 1198 719 1248 utuntur
730 1192 870 1268 auspiciis.
901 1190 975 1259 Qua-

131 1270 238 1326 sivero
260 1269 413 1346 quicquam
436 1270 473 1326 sit
491 1277 551 1326 tam
573 1271 654 1327 valde
676 1289 760 1347 quam
783 1271 854 1327 nihil
876 1290 974 1348 sapere

132 1350 246 1425 vulgare
264 1356 313 1406 aut
327 1350 409 1426 quasi
422 1349 476 1406 tibi
491 1350 546 1427 ipsi
560 1351 590 1406 in
608 1350 762 1407 iudicando
779 1351 889 1427 placeat
903 1351 974 1408 mul-

131 1429 244 1486 titudo!
286 1428 398 1497 Quotus
420 1431 540 1507 quisque
561 1438 605 1488 est
622 1431 671 1507 qui
687 1431 865 1507 voluptatem
887 1441 974 1508 neget

131 1528 191 1566 esse
208 1508 336 1566 bonuml
376 1509 510 1586 Plerique
531 1510 618 1566 etiam
639 1529 784 1567 summum
801 1510 911 1568 bonum
932 1511 975 1568 di-

130 1595 208 1646 cunt.
252 1589 280 1645 N
283 1608 330 1645 um
348 1589 438 1665 igitur
453 1609 553 1646 eorum
569 1590 732 1666 frequentia
749 1589 839 1648 Stoici
856 1591 892 1648 de
914 1611 975 1648 sen-

130 1669 223 1726 tentia
243 1669 439 1726 deterrenturl
460 1677 510 1726 aut
531 1689 600 1726 num
617 1669 761 1747 plerisque
777 1671 807 1727 in
828 1671 913 1728 rebus
934 1691 974 1729 se-

131 1749 229 1826 quitur
243 1768 341 1806 eorum
356 1750 556 1807 auctoritatem
570 1750 746 1808 multitudol
781 1750 858 1819 Quid
868 1751 973 1808 mirum

130 1829 227 1906 igitur,
239 1829 262 1886 si
274 1829 304 1886 in
319 1830 452 1906 auspiciis
467 1830 537 1886 etin
553 1831 633 1887 omni
647 1831 824 1889 divinatione
838 1831 975 1890 imbecilli

130 1909 220 1966 animi
242 1909 440 1985 superstitiosa
456 1909 511 1966 ista
531 1910 814 1987 concipiant‚verum
835 1912 974 1989 dispicere

130 2007 190 2045 non
201 1990 333 2066 possint?
364 1995 410 2046 82.
427 1988 506 2057 Quae
520 1997 617 2048 autem
631 1998 674 2048 est
685 1992 761 2049 inter
774 2011 895 2069 augures
909 2012 975 2050 con-

130 2069 247 2126 veniens
262 2076 291 2125 et
305 2069 458 2126 coniuncte
473 2071 652 2129 constantia?
693 2072 742 2130 Ad
757 2073 848 2131 nostri
863 2073 975 2150 augurii

130 2148 369 2206 consuetudinem
384 2149 458 2206 dixit
472 2149 600 2208 Ennius:

249 2271 313 2320 Cum
325 2271 405 2319 tonuit
416 2270 513 2320 laerurn
525 2272 587 2320 bene
600 2281 745 2336 tempestate
757 2290 851 2326 serena.

130 2381 174 2439 At
188 2382 360 2440 Homericus
373 2383 449 2440 Aiax
463 2385 542 2460 apud
555 2383 698 2442 Achillem
714 2405 834 2464 querens
852 2387 888 2445 do
902 2389 976 2446 fero·

88 2497 91 2502 -
130 2463 218 2520 citate
232 2462 421 2520 Troianorum
435 2464 532 2521 nescio
547 2465 617 2541 quid
631 2465 687 2522 hoc
700 2466 789 2524 modo
803 2468 934 2526 nuntiat:
1004 2499 1007 2508 =

242 2585 365 2648 Prospera
376 2585 487 2649 Iuppiter
498 2585 537 2634 his
549 2585 644 2635 dextris
656 2585 791 2647 fulgoribus
803 2587 862 2638 edit.

131 2695 177 2754 Ita
193 2695 277 2753 nobis
294 2696 409 2754 sinistra
422 2697 564 2770 videntur,
576 2697 670 2756 Graiis
687 2706 716 2756 et
732 2697 858 2756 barbaris
875 2699 975 2759 dextra

131 2775 257 2834 meliora.
302 2775 483 2854 Quamquam
504 2777 582 2835 haud
602 2779 705 2855 ignoro
727 2798 799 2857 quae
819 2779 896 2837 bona
917 2781 975 2838 sint

131 2856 246 2914 sinistra
262 2875 315 2914 nos
332 2857 433 2928 dicere,
446 2857 532 2914 etiam
555 2858 580 2914 si
596 2859 695 2916 dextra
716 2861 781 2918 sint.
824 2859 882 2917 Sed
899 2868 974 2919 certe

130 2937 222 2994 nostri
239 2936 387 2994 sinistrum
408 2938 628 2996 nominaverunt
644 2940 809 3017 externique
831 2940 972 3012 dextrum,

131 3017 200 3093 quia
209 3017 377 3095 plerumque
388 3016 490 3073 melius
501 3017 532 3074 id
543 3018 700 3077 videbatur.
736 3027 782 3078 83.
795 3021 875 3078 Haeo
887 3040 974 3098 quan-

132 3103 162 3154 ta
178 3096 317 3154 dissensio
335 3097 394 3154 est!
436 3096 531 3164 Quidt
553 3099 631 3174 quod
648 3099 710 3156 aliis
727 3100 826 3158 avibus
844 3107 971 3172 utuntur,

131 3176 194 3234 aliis
211 3177 309 3253 signis,
322 3176 403 3234 aliter
425 3176 584 3250 observant,
597 3178 652 3236 alia
672 3181 864 3258 respondenti
905 3179 972 3238 Non
