2224 3446
127 135 176 184 261
358 168 360 174 1
461 135 511 184 Dn
528 135 630 185 FATO.
716 131 719 139 ¹

126 235 213 294 babet
227 243 256 294 et
270 237 357 293 nimis
370 236 580 295 inconsiderate
594 237 727 294 concludi
740 237 814 295 hanc
828 237 970 295 rationem

126 316 254 394 putabat.
297 315 399 394 Itaque
413 317 561 396 premebat
575 317 631 374 alio
648 317 736 374 modo
751 337 804 374 nec
818 317 905 374 ullam
922 319 970 375 ad-

125 396 244 454 hibebat
264 397 453 454 calumniam:
476 397 556 454 cuius
577 404 638 454 erat
655 397 726 456 11333
747 397 892 456 conclusio
911 397 969 456 “si

126 478 225 534 omnia
248 476 482 534 antecedentibus
507 477 599 534 causis
622 476 704 548 fiunt,
726 477 823 535 omnia
846 478 970 536 naturali

125 558 308 634 colligatione
323 565 453 614 conserte
467 564 656 634 contexteque
670 557 750 615 fiunt.
790 557 876 626 Quod
890 559 914 614 si
927 559 969 616 ita

125 645 177 709 est,
194 638 291 695 omnia
307 638 460 695 necessitas
476 635 571 696 efficit.
615 637 650 694 Id
667 637 691 694 si
708 657 806 696 verum
828 637 969 710 estnihil

125 719 212 775 estin
227 724 325 774 nostra
338 723 489 794 potestate.
533 717 585 774 Est
596 724 693 775 autem
707 717 815 794 aliquid
826 718 856 774 in
870 725 969 776 nostra

124 804 274 874 potestate.
309 797 359 870 At,
372 799 396 855 si
407 797 577 855 3313131313
588 797 670 869 fiunt,
681 798 779 855 omnia
789 798 881 856 causis
891 805 968 856 ante-

65 934 67 939 ,
124 877 292 934 cedentibus
306 877 386 936 fiunt.
425 878 493 935 Non
504 878 593 955 igitur
606 878 669 934 fato
683 877 756 935 fiunt
772 897 967 955 quaecumque

124 957 224 1015 fiunt.’'
267 963 314 1014 32.
336 957 417 1015 Haec
438 959 527 1016 artius
547 959 667 1034 astringi
688 958 762 1014 ratio
783 977 841 1014 non
860 965 965 1034 potest.

125 1036 201 1094 Nam
218 1038 242 1094 31
259 1038 323 1115 quis
339 1037 409 1095 velit
423 1039 500 1096 idem
517 1038 622 1096 referre
639 1045 725 1114 atque
742 1038 784 1095 ita
800 1037 893 1096 dicere
909 1037 967 1096 “Si

125 1137 210 1174 omne
226 1118 357 1175 futurum
375 1138 409 1175 ex
426 1119 593 1176 aeternitate
610 1137 708 1176 verum
726 1125 777 1189 331,
789 1124 823 1176 31
836 1119 878 1176 113
891 1125 967 1176 33113

124 1198 243 1268 eveniat,
256 1217 342 1275 quem
357 1198 393 1255 ad
406 1198 526 1255 modum
541 1199 578 1256 sit
592 1198 732 1268 futurum,
743 1197 841 1255 omnia
853 1217 967 1256 11333333

124 1285 167 1334 331
184 1278 367 1354 colligatione
382 1278 505 1335 naturali
521 1285 650 1336 conserte
667 1285 857 1356 contexteque
877 1277 965 1336 fieri”

123 1357 196 1413 1111111
211 1357 295 1416 dicat.
338 1357 461 1415 Multum
476 1359 553 1415 enim
568 1358 666 1416 differt
679 1365 776 1416 utrum
791 1377 876 1416 causa
885 1365 967 1415 natu-

123 1437 189 1493 ralis
206 1457 241 1494 ex
258 1439 425 1496 aeternitate
441 1439 540 1495 futura
555 1457 621 1495 vcra
635 1437 738 1496 efficiat
753 1458 788 1496 an
803 1439 890 1496 etiam
905 1438 966 1496 sine

123 1518 290 1575 aeternitate
313 1518 443 1588 naturali,
461 1519 560 1575 futura
582 1537 654 1595 quae
677 1520 742 1589 sint,
763 1538 796 1576 ea
817 1537 884 1576 vera
905 1537 966 1576 esse

123 1597 235 1671 possint
245 1597 381 1674 intellegi.
420 1598 520 1676 ltaque
532 1599 645 1656 dicebat
659 1597 819 1656 Carneades
829 1617 866 1656 ne
877 1597 966 1675 Apol-

123 1677 211 1733 linem
233 1678 348 1754 quidcm
370 1678 468 1735 futura
488 1698 572 1755 posse
593 1679 695 1749 dicere,
713 1679 826 1750 313133,
843 1697 966 1755 quorum

10 1807 11 1814 ,
68 1809 73 1818 ,
123 1775 221 1813 333333
234 1765 336 1814 331313
349 1757 390 1814 113
404 1759 570 1830 3331133131,
582 1764 615 1816 31
629 1778 662 1816 33
675 1757 737 1816 fieri
751 1777 864 1815 necesse
882 1767 964 1817 33331.

124 1842 170 1893 33.
194 1835 271 1904 Quid
287 1838 364 1894 enim
376 1845 507 1914 spectans
518 1838 588 1896 deus
599 1839 660 1915 ipsc
671 1839 778 1896 diceret
789 1838 964 1910 Marcellum,

123 1934 197 1987 eum,
216 1917 265 1994 qui
286 1924 329 1974 ter
356 1918 455 1975 consul
475 1919 590 1988 1311111
611 1918 683 1975 111311
707 1919 966 1996 333333111313131

123 1995 260 2053 11131133
275 1997 391 2074 quidem
408 2017 505 2054 verum
521 2017 555 2055 ex
570 1998 744 2069 aeternitate,
757 1998 806 2056 sed
821 2017 919 2056 causas
933 1999 966 2056 id

123 2075 276 2132 efficientes
298 2097 356 2134 non
373 2076 504 2135 habebat.
547 2077 592 2135 Ita
614 2097 650 2134 113
674 2079 826 2154 praeterita
847 2078 965 2155 quidem

123 2175 163 2225 33,
180 2175 300 2232 qnorum
319 2157 396 2214 nulla
413 2158 494 2233 signa
510 2164 658 2235 tamquam
674 2158 795 2234 vestigia
811 2164 962 2229 exstarent,

123 2235 252 2312 Apollini
264 2244 333 2294 nota
347 2257 406 2294 3333
418 2237 559 2309 censebat,
570 2257 627 2315 quo
639 2238 734 2294 minus
745 2238 858 2296 futura!
892 2237 966 2294 Cau·

122 2317 160 2371 sis
181 2317 258 2373 enirn
279 2317 466 2374 efficientibus
488 2337 630 2394 quamque
650 2337 711 2376 rem
736 2318 859 2394 cognitis
880 2337 964 2394 posse

122 2395 246 2472 denique
263 2397 327 2453 sciri
342 2397 411 2474 quid
425 2398 557 2454 futurum
574 2403 655 2454 esset.
698 2397 776 2474 Ergo
792 2417 845 2455 nec
859 2397 895 2456 de
910 2397 965 2455 Oe-

122 2475 229 2552 dipode
239 2477 366 2552 potuisse
377 2477 542 2553 Apollinem
554 2476 716 2553 praedicere
730 2477 816 2535 nullis
827 2478 857 2534 in
867 2496 964 2534 rerum

122 2563 223 2612 natura
240 2557 330 2614 causis
347 2558 525 2633 praepositis,
542 2576 592 2614 cur
608 2557 644 2614 ab
661 2577 695 2614 eo
712 2564 823 2634 patrem
840 2551 964 2614 interfici

121 2653 235 2693 neccsse
250 2643 397 2707 essetnec
412 2638 565 2713 quicquam
580 2637 742 2694 eiusmodi.

162 2715 229 2774 XV.
253 2715 399 2787 Quocirca,
416 2718 440 2774 si
455 2717 567 2786 Stoicis„
584 2717 633 2793 qui
651 2717 748 2774 omnia
764 2716 826 2773 fato
843 2715 904 2772 lieri
921 2715 963 2772 di·

122 2802 199 2866 cunt,
215 2803 438 2854 consentaneum
459 2797 704 2854 33111111331113111
726 2796 839 2854 oracula
860 2803 964 2853 cetera-

122 2893 185 2948 que,
199 2894 270 2950 qnae
287 2875 324 2932 ad
340 2877 547 2934 divinationem
565 2877 706 2954 pertinere
728 2876 870 2947 dicuntur,
887 2895 964 2933 com-

121 2952 249 3026 probare,
262 2955 297 3010 iis
311 2962 415 3026 3313111,
429 2957 486 3033 qui,
500 2976 571 3033 quae
582 2957 680 3014 futura
695 2963 768 3024 sunt,
780 2976 812 3013 ea
826 2976 891 3014 vera
902 2975 963 3012 esse

122 3049 156 3085 cx
171 3034 337 3090 aeternitate
360 3034 467 3106 dicunt,
480 3055 538 3092 non
562 3036 639 3093 idem
662 3037 816 3094 dicendum
833 3043 884 3107 331,
897 3036 964 3093 vide

122 3126 159 3163 ne
174 3128 233 3165 non
251 3111 349 3168 eadem
367 3114 404 3170 sit
420 3115 535 3172 illorum
556 3135 641 3172 causa
661 3124 690 3173 et
707 3115 878 3174 Stoicorum.
921 3116 961 3174 Hi

122 3186 199 3242 3111111
221 3197 358 3262 urgentur
378 3193 534 3268 angustius,
550 3194 665 3252 illorum
681 3196 754 3254 ratio
772 3195 866 3253 soluta
882 3214 914 3253 ac
931 3195 963 3252 li-
