2242 3436
122 121 170 168 108
345 120 395 169 Du
412 119 563 170 NATURA
579 119 739 170 DEORUM.

120 219 216 267 minum
235 218 369 280 perniciem
387 219 505 278 converti,
522 233 681 281 summosque
697 217 810 266 homines
827 228 852 266 ct
869 219 967 267 virtutis

121 283 304 332 amantissimos
315 284 444 346 plerosque
457 284 523 332 mala
535 283 634 332 fortuna
646 299 702 332 usos
711 297 773 332 esse.

162 379 184 436 Ι.
212 383 238 436 1.
261 378 340 447 Quae
368 397 434 435 eum
462 377 571 435 Balbus
598 377 725 448 dixisset,
741 384 804 434 tum
833 377 968 435 adridens

122 458 225 516 Cotta:
248 457 327 528 Sero,
342 458 446 534 inquit,
462 457 543 528 mihi,
559 456 658 530 Balbe,
674 458 815 535 praecipis
832 458 903 534 quid
919 459 969 516 de-

120 539 247 596 fendam.
290 538 354 615 Ego
369 539 446 595 enim
460 546 490 595 te
507 537 673 614 disputante
690 538 761 615 quid
778 544 879 594 eontra
892 538 969 596 diee-

121 639 181 676 rem
195 637 310 676 meeum
323 619 386 694 ipse
399 617 567 688 meditabar,
578 637 670 695 neque
684 626 744 675 tam
758 616 908 676 refellendi
922 619 967 676 tui

121 718 205 756 eausa
222 718 308 776 quarn
323 717 363 769 ea,
376 717 448 776 quae
462 699 558 754 minus
571 697 782 774 intellegebam,
793 698 965 775 requirendi.

121 778 197 835 Cum
213 787 310 836 autem
325 798 376 836 suo
394 779 497 855 cuique
511 777 618 835 iudicio
636 777 674 834 sit
688 777 838 847 utendum,
850 777 968 836 difficile

121 859 201 916 factu
218 865 262 916 est
278 878 325 915 me
341 859 373 916 id
390 859 503 929 sentire,
515 858 594 935 quod
607 865 639 915 tu
657 857 734 916 velis,
778 864 804 915 2.
827 857 885 914 Hie
900 858 969 916 Vel-

121 938 208 996 leius:
231 938 340 1008 Nescis,
350 938 453 1015 inquit,
464 948 571 1016 quanta
585 957 651 996 curn
665 937 886 1016 exspectatione,
897 937 966 995 Cot-

121 1026 159 1089 ta,
172 1019 226 1075 sim
243 1025 273 1076 te
289 1018 446 1076 auditurus
490 1018 636 1075 iucundus
656 1019 734 1075 enirn
751 1017 844 1075 Balbo
865 1025 966 1075 nostro

122 1118 215 1155 sermo
231 1105 299 1155 tuus
316 1105 415 1156 contra
429 1098 585 1175 Epicurum
602 1099 668 1155 fuit.
711 1097 860 1156 Praebebo
876 1098 969 1174 igitur

121 1197 168 1235 me
181 1178 236 1236 tibi
250 1179 375 1235 vicissim
389 1185 532 1236 attentum
550 1185 649 1236 contra
664 1178 778 1236 Stoicos
794 1177 965 1235 auditorem.

121 1257 212 1335 Spero
233 1259 310 1316 enirn
331 1265 369 1328 te,
385 1265 418 1315 ut
435 1259 516 1328 soles,
531 1257 604 1316 bene
625 1265 757 1336 paratum
778 1258 882 1315 venire.
938 1264 965 1315 3.

121 1338 196 1395 Tum
221 1337 326 1396 Cotta:
349 1338 396 1395 Sic
415 1338 585 1409 mehercule,
600 1338 703 1416 inquit,
719 1337 821 1397 Vellei.
863 1338 967 1415 Neque

121 1419 198 1474 enirn
215 1419 288 1475 mihi
302 1437 354 1495 par
370 1418 443 1476 ratio
465 1437 531 1475 eum
547 1418 658 1476 Lucilio
676 1425 720 1476 est
735 1437 767 1476 ae
784 1425 879 1476 terum
897 1419 964 1476 fuit.

121 1497 179 1566 Qui
202 1498 338 1556 tandem?
361 1498 457 1574 inquit
478 1497 532 1555 ille.
576 1497 651 1567 Quia
671 1498 744 1555 milri
764 1498 878 1556 videtur
898 1497 966 1575 Epi-

121 1597 205 1635 curus
225 1587 319 1635 vester
335 1579 370 1635 de
387 1578 432 1634 dis
449 1578 659 1635 immortalibus
675 1598 735 1635 non
751 1597 858 1655 magno
879 1597 966 1653 opere

121 1676 264 1735 pugnare:
287 1665 401 1715 tanturn
415 1657 503 1714 modo
518 1676 621 1734 negare
636 1659 706 1716 deos
720 1677 779 1716 esse
794 1677 852 1714 nou
867 1659 964 1728 audet,

121 1758 157 1796 ne
182 1737 252 1814 quid
269 1737 394 1794 invidiae
418 1736 518 1794 subeat
542 1746 593 1795 aut
617 1739 752 1796 criminis.
798 1737 873 1796 Cum
897 1758 965 1796 vero

121 1819 191 1876 deos
207 1816 278 1874 nihil
297 1835 389 1892 agere,
401 1816 473 1873 nihil
491 1836 588 1876 curare
604 1818 754 1875 coufirmat
770 1817 965 1896 membrisque

120 1897 255 1954 humanis
269 1916 328 1954 esse
340 1897 492 1974 praeditos
504 1897 554 1954 sed
565 1916 664 1954 eorum
675 1898 869 1956 membrorum
880 1919 965 1956 usum

120 1977 224 2035 habere
239 1976 358 2048 nullum,
371 1977 468 2034 ludere
482 1977 596 2034 videtur
610 1978 734 2054 satisque
747 1985 858 2055 putare,
868 1979 891 2034 si
903 1979 965 2034 dix-

121 2058 175 2116 erit
199 2076 259 2114 esso
284 2057 439 2134 quamdam
462 2056 575 2114 beatam
601 2065 732 2115 naturam
758 2063 787 2114 et
810 2064 963 2115 aeternam.

121 2143 148 2196 4.
170 2137 199 2194 A
215 2137 309 2194 Balbo
326 2145 422 2195 autem
440 2137 667 2195 animadvertisti
684 2138 777 2208 ered0,
790 2156 874 2214 quam
893 2137 966 2194 mul-

120 2225 152 2275 ta
171 2218 249 2275 dieta
269 2218 328 2276 sint
348 2237 499 2295 quamque,
516 2217 603 2274 etiam
621 2217 757 2274 siminus
778 2236 851 2288 vera,
866 2223 964 2274 tamen

121 2305 188 2375 apta
201 2299 277 2356 inter
291 2317 320 2355 se
334 2306 363 2356 et
377 2297 566 2356 cohaerentia.
609 2297 710 2375 Itaque
727 2298 832 2374 cogito,
844 2303 877 2354 ut
894 2296 964 2366 dixi,

121 2397 179 2435 non
196 2385 257 2436 tam
271 2378 398 2436 refellere
415 2379 476 2435 eius
493 2378 652 2436 orationem
670 2397 756 2454 quam
773 2396 898 2454 eaquae
912 2377 965 2432 rni-

121 2477 175 2514 nus
191 2457 327 2528 intellexi,
342 2458 492 2534 requirere.
535 2457 599 2525 Qua
615 2477 653 2528 re,
665 2457 764 2528 Balbe,
777 2457 830 2513 tibi
847 2457 963 2534 permit·

120 2545 152 2595 to
173 2537 381 2614 responderene
397 2537 470 2593 mihi
486 2532 570 2594 malis
586 2537 623 2594 de
639 2537 759 2614 singulis
776 2536 860 2594 rebus
881 2556 964 2613 quae·

120 2617 195 2674 renti
212 2637 247 2674 ex
263 2624 292 2675 te
310 2636 436 2694 eaquae
452 2636 554 2694 parurn
571 2617 676 2693 accepi,
689 2637 724 2674 an
738 2617 898 2675 universam
916 2635 964 2674 au·

121 2697 182 2753 dire
204 2697 363 2754 orationem
380 2716 483 2754 meam.
526 2695 601 2754 Tum
618 2696 744 2754 Balbus:
767 2696 830 2773 Ego
847 2717 922 2768 vero,
938 2697 963 2754 si

122 2776 193 2852 quid
209 2776 354 2853 explanari
370 2776 424 2833 tibi
445 2777 531 2848 voles,
547 2777 829 2852 respondere-malo:
851 2777 895 2833 sin
916 2796 963 2833 mo

121 2855 296 2931 interrogare
315 2875 374 2912 nou
391 2863 451 2912 tam
467 2855 654 2932 intellegendi
671 2875 755 2912 eausa
775 2856 964 2933 quamrefol—

122 2933 209 3004 leudi,
221 2943 318 2991 utrum
335 2935 413 2991 voles
427 2935 540 3005 faciam,
550 2935 594 2992 vel
609 2935 646 2991 ad
657 2936 775 3012 singula,
786 2955 858 3014 quae
872 2937 963 3013 requi-

122 3031 174 3084 reS,
188 3014 285 3070 statim
302 3014 481 3091 respondebo
498 3014 628 3085 vel,ou1n
643 3017 790 3090 peroraris,
803 3017 840 3073 ad
856 3018 962 3074 omnia.

125 3097 150 3148 5.
173 3090 248 3148 Tum
265 3092 368 3150 Cotta:
394 3093 520 3170 Optime,
536 3095 638 3172 inquit.
681 3093 774 3162 Quam
792 3095 828 3152 ob
845 3116 905 3154 rem
922 3097 963 3153 sie

156 3189 249 3240 amus,
265 3178 297 3228 ut
323 3191 376 3229 nos
400 3175 462 3250 ipsa
489 3173 569 3231 ducit
597 3173 697 3230 orati0.
747 3174 785 3232 II.
815 3175 873 3232 Sed
896 3189 964 3234 ante
