2220 3432
319 121 388 170 nra.
403 120 541 181 11.,cx1³.
557 119 684 181 rx.-xr.‚
699 119 713 179 a
727 121 817 171 asae.
960 125 993 172 57

149 225 248 282 eadem
263 243 292 280 se
307 222 437 280 admixto
451 221 544 280 calore
558 221 713 298 liquefacta
724 227 753 278 et
764 221 874 299 dilapsa
887 222 987 280 diffun-

70 339 74 350 ·
148 305 236 362 deret,
279 303 381 380 Itaque
402 309 431 360 et
447 301 629 380 aquilonibus
646 301 818 378 reliquisque
835 303 992 377 frigoribus

147 384 267 442 adiectis
284 383 409 441 durescit
426 401 510 439 umor
527 389 555 440 et
571 381 648 438 idem
666 381 790 438 vicissim
807 383 936 439 mollitur
952 391 992 440 te·

146 465 279 542 pesactus
293 471 323 521 et
336 463 457 520 tabescit
471 462 571 520 calore.
613 461 712 538 Atque
727 463 812 518 etiarn
830 463 919 519 maria
933 467 992 538 agi-

146 551 208 602 tata
222 545 315 602 ventis
331 543 373 600 ita
388 549 547 619 tepescunt,
560 548 593 599 nt
609 541 737 618 intellegi
751 542 835 600 facile
851 543 944 618 possit
961 543 991 599 in

146 624 238 682 tantis
257 623 314 681 illis
333 622 482 680 umoribus
507 641 567 679 esse
587 621 728 679 inclusum
754 622 884 679 calorem.
930 622 991 680 Nec

147 705 225 762 enirn
240 683 287 761 ille
302 709 434 761 externus
448 709 477 759 et
491 701 668 759 adventicius
682 701 830 760 habendus
845 709 887 760 est
897 709 989 778 tepor,

148 784 199 841 sed
220 802 254 841 ex
270 783 383 840 intimis
404 783 491 840 maris
511 781 641 859 partibus
663 782 819 858 agitatione
842 783 989 854 excitatae,

148 863 227 941 quod
238 863 343 921 nostris
355 881 469 940 quoque
483 860 651 939 corporibus
665 863 817 940 contingit,
828 881 893 920 cum
908 870 990 920 motu

147 953 235 1021 atque
252 943 455 1000 exercitatione
475 942 657 1000 recalescunt.
700 941 766 1019 Ipse
782 961 849 1000 vero
866 949 924 1014 atr,
940 943 991 1019 qui

147 1032 250 1081 natura
267 1030 309 1080 est
322 1023 448 1080 maxime
462 1022 593 1099 frigidus,
606 1021 726 1079 minime
743 1029 787 1080 est
801 1042 901 1100 expers
918 1022 990 1080 calo-

146 1105 194 1162 ris.
238 1103 284 1161 27.
307 1102 359 1160 Ille
372 1122 440 1160 vero
455 1110 484 1161 et
498 1101 590 1159 multo
606 1102 722 1179 quidem
740 1102 832 1161 calore
846 1103 991 1160 admixtus

148 1191 199 1241 est.
242 1183 308 1261 Ipse
323 1183 400 1240 enim
415 1182 506 1240 oritur
520 1202 554 1240 ex
568 1183 754 1260 respiratione
771 1201 927 1260 aquarum:
948 1203 992 1240 ea-

147 1284 211 1321 rurn
226 1264 304 1321 enim
322 1264 403 1340 quasi
417 1282 506 1340 vapor
520 1261 637 1340 qnidam
651 1269 701 1318 adr
714 1261 863 1320 habendus
877 1270 928 1320 est.
962 1262 991 1319 Is

148 1351 244 1402 antem
266 1343 378 1401 exsistit
393 1351 477 1400 motu
498 1342 558 1400 eius
580 1342 681 1399 caloris
702 1343 751 1418 qui
768 1343 849 1419 aquis
865 1343 992 1400 eontine-

147 1432 203 1482 tnr.
246 1423 339 1493 Quam
361 1423 579 1481 similitudinem
602 1441 715 1480 eernere
737 1441 888 1500 possumus
908 1423 937 1479 in
955 1423 991 1478 iis

147 1505 230 1581 aquis
252 1523 324 1582 quae
341 1504 529 1561 effervescunt
544 1502 667 1560 subditis
681 1501 804 1578 ignibus.
847 1501 909 1558 Iam
924 1521 991 1559 vero

147 1585 258 1663 reliqua
273 1591 373 1662 quarta
387 1603 452 1661 pars
465 1583 576 1655 mundi,
586 1601 620 1639 ea
633 1589 663 1639 et
676 1582 739 1658 ipsa
749 1589 812 1638 tota
825 1588 927 1638 natura
937 1582 992 1638 fer-

148 1665 216 1722 vida
229 1672 272 1723 est
286 1671 316 1722 et
330 1664 431 1722 ceteris
445 1663 554 1721 naturis
571 1661 705 1720 omnibus
722 1662 871 1719 salutarem
888 1662 992 1740 imper-

147 1746 185 1803 tit
197 1753 226 1803 et
237 1745 350 1802 vitalem
363 1744 494 1801 calorem.
534 1749 580 1800 28.
599 1742 643 1799 Ex
655 1761 712 1820 quo
727 1741 914 1813 concluditur,
925 1762 991 1800 eum

148 1845 248 1883 omues
270 1824 373 1882 mundi
395 1831 490 1900 partes
513 1823 707 1880 sustineantur
729 1823 829 1894 calore,
849 1822 991 1880 mundum

148 1906 236 1964 etiam
249 1905 345 1982 ipsum
360 1904 447 1961 simili
460 1904 580 1981 parique
596 1910 698 1960 natura
711 1903 742 1960 in
757 1910 838 1960 tanta
851 1902 992 1960 diuturni-

147 1993 207 2043 tate
225 1985 445 2062 samariaeque
466 1984 566 2060 magis,
583 1983 661 2060 quod
678 1983 807 2060 intellegi
824 1983 910 2041 debet
926 1982 991 2040 cali-

148 2066 218 2123 dum
233 2065 304 2122 illud
319 2071 404 2142 atque
419 2065 536 2140 igneum
553 2064 594 2120 ita
611 2064 640 2119 in
659 2063 738 2120 omni
753 2064 850 2120 fusum
868 2082 927 2120 esse
944 2083 993 2120 na-

147 2154 220 2216 tura,
233 2153 266 2202 ut
280 2147 309 2203 in
327 2165 361 2202 co
376 2145 445 2202 insit
459 2142 627 2222 procreandi
641 2144 684 2200 vis
701 2150 730 2200 et
744 2163 829 2200 causa
841 2143 990 2220 gignendi,

148 2246 238 2304 aquo
255 2233 284 2282 et
298 2225 456 2283 animantia
473 2223 570 2281 omnia
586 2230 615 2280 et
630 2243 663 2280 ea
682 2242 804 2300 quorum
822 2224 924 2300 stirpes
938 2230 992 2281 ter-

148 2327 180 2364 ra
194 2307 385 2376 eontinentur,
396 2313 425 2363 et
435 2305 513 2362 nasci
525 2304 562 2360 sit
572 2323 685 2361 necesse
700 2311 729 2360 et
740 2322 897 2380 augescere.
936 2302 990 2360 XI.

149 2392 196 2444 29.
219 2387 330 2443 Natura
350 2392 394 2443 est
410 2385 507 2462 igitur,
523 2403 595 2462 quac
612 2384 758 2442 contineat
774 2383 914 2440 mundum
933 2401 992 2439 orn-

148 2486 215 2524 nem
237 2485 359 2543 eumque
375 2473 498 2536 tueatur,
514 2472 544 2523 et
561 2484 594 2521 ea
611 2464 727 2541 quidem
744 2483 803 2520 nou
825 2462 886 2520 sine
908 2481 991 2519 sensu

148 2555 235 2624 atque
255 2547 385 2604 ratione:
415 2565 530 2602 omnem
552 2545 629 2602 eninr
652 2551 784 2601 naturam
805 2561 918 2600 necesse
939 2551 990 2613 est,

149 2647 222 2704 quae
242 2646 300 2684 non
323 2626 450 2683 solitaria
466 2626 503 2682 sit
520 2644 612 2702 neque
634 2623 764 2702 simplex,
781 2623 831 2680 sed
848 2642 913 2680 cnm
935 2622 992 2679 alio

148 2708 246 2764 iuncta
263 2714 348 2784 atque
365 2725 480 2776 conexa,
496 2705 600 2762 habere
617 2704 740 2781 aliquem
758 2704 788 2760 in
806 2722 835 2760 sc
852 2703 993 2780 principa·

147 2795 220 2857 tum,
233 2794 266 2844 ut
280 2787 309 2843 in
324 2786 442 2843 homine
457 2793 593 2855 mentem,
604 2785 633 2841 in
649 2784 733 2841 belua
748 2783 883 2860 quiddam
900 2783 992 2839 simile

148 2867 262 2937 mentis,
274 2867 351 2924 unde
366 2867 494 2923 oriantur
507 2884 601 2923 rerum
617 2864 770 2941 appetitus.
809 2863 842 2920 In
858 2863 992 2920 arborum

148 2953 245 3004 autem
263 2954 292 3004 et
307 2965 403 3004 earum
422 2965 515 3002 rerum
534 2964 605 3021 quae
619 2945 779 3020 gignuntur
797 2963 811 3000 e
826 2951 908 3014 terra,
920 2943 994 2999 radi·

148 3026 230 3084 cibus
247 3027 338 3084 inesse
359 3026 537 3103 principatus
558 3031 683 3100 putatur.
726 3023 924 3100 Principatum
946 3041 993 3078 au-

148 3106 255 3164 tamid
272 3107 345 3177 dien,
359 3105 437 3183 quod
454 3104 557 3162 Graeci
571 3101 735 3178 ἡγεμονικὸν
752 3110 864 3174 vocant,
878 3121 934 3179 quo
951 3101 994 3156 ni·

148 3185 190 3243 hil
206 3186 237 3242 in
252 3205 366 3263 quoque
380 3203 483 3262 genere
497 3202 550 3241 nec
564 3189 660 3260 potest
673 3201 726 3239 nec
741 3182 827 3240 debet
841 3200 901 3240 esse
915 3197 993 3257 prae·
