2224 3446
122 114 169 164 194
383 111 432 160 Du
449 109 698 162 DIVINATIONE.

121 215 247 274 Marsum
270 231 416 288 augurem,
434 231 493 270 non
514 212 678 290 hanrspiees
700 213 824 284 vicanos,
842 233 901 270 uon
925 212 964 272 de

121 295 196 352 eireo
217 293 384 370 astrologos,
396 311 455 350 non
473 292 579 350 Isiacos
599 294 782 364 coniectores
799 312 857 350 non
876 294 964 352 inter-

120 382 215 452 pretes
236 374 421 431 somniorum.
464 371 531 430 Non
552 372 630 429 enim
651 380 718 430 sunt
733 373 756 430 ii
776 379 827 430 aut
843 373 964 432 seientia

120 461 170 511 aut
183 461 243 512 arte
257 453 356 522 divini,

153 583 201 632 sad
213 579 374 645 superstitiosi
386 589 454 627 untes
465 579 669 642 impudentesque
680 578 776 640 harioli,

152 652 207 698 Aut
219 647 308 694 inertes
320 656 363 694 nut
374 645 452 692 insani
465 655 508 692 aut
518 645 607 706 quibus
618 653 714 703 egestas
726 645 844 708 imperat:

153 713 201 771 Qui
212 712 258 758 sibi
271 711 384 759 semitam
395 725 445 757 uon
457 709 563 771 sapiunt,
573 709 643 757 alteri
654 718 795 758 monstrant
805 709 887 758 viam:

153 777 248 836 Qniltus
259 776 359 823 divitias
368 775 521 838 pollicentur,
529 775 561 822 ab
570 775 600 822 iis
612 774 772 824 drachumam
783 776 829 838 ipsi
837 783 932 838 petunt

152 842 193 890 De
202 842 240 890 bis
251 841 343 889 divitiis
355 841 402 889 sibi
410 838 534 888 deducant
542 839 713 901 drachumam,
721 840 826 889 reddant
836 851 926 890 cetera.

120 959 219 1036 Atque
232 957 302 1015 haee
317 957 435 1035 quidem
449 956 567 1028 Ennius
579 956 629 1034 qui
642 957 741 1033 paneis
755 963 820 1014 aute
834 957 964 1015 versibus

122 1039 210 1096 “osse
231 1036 326 1095 de0s”
344 1044 448 1109 censet,
461 1037 540 1094 “sed
560 1057 609 1094 eos
629 1056 689 1095 non
710 1056 806 1094 curare
827 1038 965 1114 opinatur

122 1117 192 1195 quid
206 1125 272 1195 agat
285 1117 444 1175 humanum
458 1116 575 1194 genus.’'
613 1115 677 1194 Ego
693 1124 797 1188 autem,
809 1118 858 1194 qui
872 1125 902 1174 et
916 1137 965 1174 eu·

121 1217 182 1256 rare
203 1198 325 1256 arbitror
341 1205 370 1255 et
386 1216 503 1254 mouere
523 1196 610 1254 etiam
631 1216 664 1254 ae
682 1196 774 1254 multa
789 1197 962 1274 praedicere,

121 1278 245 1350 levitate,
253 1278 387 1349 vanitate,
396 1277 507 1334 malitia
520 1277 633 1334 exclusa
643 1276 849 1335 divinationem
859 1276 962 1354 prob0.

122 1359 202 1428 Quae
223 1379 287 1417 eum
310 1358 428 1415 dixisset
448 1355 589 1426 Quintus:
612 1356 759 1414 Praeclare
779 1365 813 1415 tu
834 1356 964 1434 quidem,

122 1440 248 1518 iuquam,
258 1445 391 1517 paratust.
404 1483 411 1496 .
424 1482 431 1495 .

338 1546 466 1628 [Desunt
474 1569 571 1626 panca
586 1547 750 1630 quaedum]
