2224 3446
259 127 328 178 111.
343 129 390 189 11.‚
405 127 483 178 111.
498 125 701 188 111.-1111.,1
717 129 838 178 111111.
868 172 871 178 ,
923 131 972 178 239

169 227 278 287 LVIII.
322 233 388 285 119.
411 226 520 285 Similis
540 234 584 284 111
604 245 682 285 error
697 228 728 285 iu
746 229 881 288 somniis:
904 249 973 308 quo·

128 328 194 367 rum
209 307 325 385 quidem
339 307 471 365 defensio
485 308 608 384 repetita
622 327 708 384 quam
722 308 808 386 longe
822 310 881 367 esti
922 310 973 367 Di-

129 389 212 446 vinos
229 388 339 444 animos
356 393 472 444 censent
483 405 543 444 esse
554 394 668 444 nostros
679 407 784 465 eosque
796 408 856 446 esse
867 396 973 447 tractos

129 468 304 526 extrinsecus
320 467 539 543 animorumque
555 469 797 525 consentientium
814 468 973 526 multitudi-

129 567 166 605 ne
188 546 364 624 completum
386 565 446 604 esse
462 545 621 604 muudum:
643 547 696 604 hae
713 548 803 624 igitur
818 549 923 606 mentis
944 556 973 607 et

130 627 220 704 ipsius
237 627 388 684 divinitate
404 633 434 684 et
449 627 652 684 coniunctione
673 646 738 684 oum
756 628 879 685 externis
895 647 973 686 men·

129 707 208 764 tibus
231 707 308 764 cerni
325 725 397 783 quae
419 705 478 762 11111
499 706 605 764 futura.
648 706 788 764 Contrahi
802 714 898 764 autem
915 709 973 765 ani·

129 806 211 844 mum
225 787 302 844 Zeno
318 793 348 844 11
362 785 443 863 quasi
457 785 515 843 labi
528 793 613 863 putat
627 793 712 864 atque
727 787 875 845 concidere
889 794 918 845 et
931 789 973 865 ip-

130 886 193 924 sum
211 885 271 924 esse
287 865 420 924 dormire.
464 865 526 923 Iam
544 866 726 942 Pythagoras
742 875 772 924 et
788 867 881 939 Plato,
897 867 973 925 loeu-

130 946 282 1023 pletissimi
292 953 430 1018 auctores,
443 964 500 1024 quo
515 946 544 1002 in
560 946 668 1002 somnis
682 947 803 1004 certiora
816 947 971 1017 videamus

130 1033 313 1103 praeparatos
334 1024 460 1103 quodam
481 1025 561 1083 cultu
581 1033 667 1102 atque
683 1026 761 1083 viotu
778 1026 920 1102 proficisci
937 1027 974 1085 ad

130 1105 333 1164 dormiendum
343 1105 461 1164 iubent:
478 1105 547 1163 faba
558 1106 674 1182 quidem
685 1105 862 1182 Pythagorei
872 1107 973 1183 utique

130 1186 280 1257 abstinere,
293 1187 375 1263 quasi
391 1205 457 1243 vero
475 1205 509 1243 eo
527 1185 592 1243 cibo
608 1203 769 1255 1111111111
783 1193 882 1244 venter
895 1186 973 1244 iufle-

130 1275 184 1324 tur.
227 1265 285 1323 Sed
304 1266 401 1324 nesoio
423 1285 480 1343 quo
501 1265 590 1322 modo
611 1264 683 1322 nihil
699 1271 760 1322 tam
777 1265 898 1323 absurde
915 1266 973 1322 diei

129 1351 227 1422 potest
248 1346 326 1422 quod
342 1364 402 1403 non
423 1345 535 1403 dicatur
555 1344 703 1421 abaliquo
724 1344 971 1422 philosophorum.

131 1431 198 1484 120.
220 1425 329 1484 Utrum
353 1425 441 1502 igitur
466 1443 613 1482 censemus
635 1425 839 1482 dormientium
862 1425 973 1482 animos

129 1525 181 1584 per
195 1525 262 1564 sene
275 1505 354 1582 ipsos
368 1506 398 1562 in
413 1505 584 1562 somniando
601 1505 710 1562 moveri
723 1523 768 1575 an,
779 1511 813 1562 ut
826 1503 973 1562 Democri·

130 1596 178 1644 tus
205 1593 311 1658 censet,
334 1592 450 1643 externa
474 1592 504 1642 11
527 1584 689 1642 adventicia
715 1585 824 1642 visione
848 1584 973 1661 pulsarit

131 1666 197 1724 Sive
214 1666 291 1724 enim
309 1665 350 1723 sio
367 1672 410 1723 111
427 1665 485 1722 1111
495 1665 549 1722 illo
563 1664 660 1735 mode,
673 1663 763 1722 videri
777 1671 898 1741 possunt
912 1683 973 1741 per-

129 1746 222 1804 multa
243 1744 453 1804 somniantibus
473 1745 545 1802 falsa
561 1763 614 1821 pro
634 1745 715 1802 veris
758 1743 833 1801 Nam
851 1751 880 1801 11
896 1745 973 1801 navi·

130 1825 266 1904 gentibus
282 1826 393 1883 moveri
408 1825 542 1883 videntur
558 1843 599 1896 ea,
612 1843 683 1901 quae
700 1830 831 1896 11111111
847 1824 971 1901 quodam

131 1907 236 1965 obtutu
248 1906 396 1965 oculorum
407 1905 465 1962 dno
476 1923 529 1980 pro
540 1923 598 1962 uno
609 1904 739 1962 lucernae
747 1904 864 1962 lumina
896 1902 973 1972 Quid

132 1987 226 2044 dinam
243 1985 359 2057 insania,
372 1984 442 2062 quid
459 1984 544 2041 ebriis
560 2003 646 2061 quam
663 1984 756 2042 multa
771 1984 844 2042 falsa
859 1983 973 2041 videan-

131 2068 197 2126 11111
237 2065 323 2134 Quod
340 2065 365 2123 si
381 2064 538 2122 eiusmodi
558 2064 626 2121 visis
647 2063 820 2122 credendum
841 2083 899 2121 non
921 2072 972 2135 est,

132 2167 183 2206 eur
199 2147 318 2205 somniis
335 2144 466 2202 credatur
482 2143 586 2201 neseio.
628 2143 704 2201 Nam
721 2151 781 2201 tam
795 2144 863 2203 lieet
879 2143 974 2202 dehis

132 2228 282 2298 erroribus,
297 2226 322 2284 si
337 2225 417 2297 velis,
432 2243 517 2301 quam
532 2224 568 2280 de
583 2224 702 2280 somniis
718 2223 972 2300 disputaremest,

133 2327 205 2386 quae
222 2313 307 2379 stant,
319 2306 345 2364 si
358 2305 468 2363 moveri
483 2303 642 2374 videantur,
654 2310 745 2361 terrae
761 2310 874 2362 motum
889 2304 974 2381 signi-

131 2387 216 2446 ficare
236 2388 314 2445 dieas
330 2391 381 2443 aut
396 2383 574 2461 repentinam
592 2382 716 2459 aliquam
733 2383 842 2459 fugam,
857 2385 974 2460 gemino

132 2474 229 2526 antem
243 2467 373 2524 lucernae
387 2464 496 2523 lumine
512 2461 648 2520 declarari
665 2462 871 2520 dissensionem
885 2481 918 2520 ao
935 2483 975 2520 se·

133 2547 274 2604 ditionem
293 2545 411 2602 moveri.
458 2543 534 2601 LIX.
579 2547 644 2598 121.
671 2541 732 2598 Iam
753 2561 788 2599 ex
809 2542 974 2600 insanorum

132 2632 183 2683 aut
207 2625 351 2682 ebriorum
375 2623 444 2681 visis
467 2621 686 2681 innumerabilia
714 2622 876 2679 coniectura
899 2622 974 2679 trahi

132 2712 254 2783 possunt
271 2723 343 2782 quae
363 2703 462 2761 futura
481 2703 640 2760 videantur.
683 2701 754 2770 Quis
771 2708 814 2758 111
831 2701 908 2758 enim
925 2702 975 2778 qui

132 2791 230 2843 totum
248 2785 326 2842 diem
342 2783 468 2841 iaculans
484 2801 543 2840 non
560 2782 714 2860 aliquando
735 2781 880 2840 colliniati
920 2780 976 2837 Το-

133 2872 177 2922 tas
198 2870 297 2922 noctes
318 2863 502 2934 somniamus,
516 2881 609 2939 neque
625 2862 683 2920 ulla
699 2869 743 2920 est
758 2862 819 2920 fere
840 2879 897 2939 qua
916 2880 974 2917 non

134 2945 318 3014 dormiamus,
334 2951 364 3001 11
379 2943 518 3000 miramur
534 2941 688 3019 aliquando
704 2942 743 3013 id,
760 2941 838 3019 quod
855 2941 976 2998 somnia-

133 3025 231 3095 rimus,
244 3024 382 3082 evaderet
423 3021 503 3091 Quid
516 3028 560 3080 est
573 3028 634 3080 tam
648 3021 789 3080 incertum
806 3039 892 3099 quam
906 3020 976 3077 talo·

133 3123 199 3161 rum
212 3104 320 3162 iaetusi
339 3109 437 3160 tamen
453 3121 539 3160 nemo
556 3108 600 3159 est
614 3102 683 3179 quin
701 3121 785 3179 saepe
798 3103 906 3159 iactans
920 3101 976 3159 Ve-

134 3184 245 3240 nerium
260 3184 345 3241 iaciat
359 3182 521 3255 aliquando,
530 3200 588 3239 non
602 3200 760 3257 numquam
774 3182 859 3239 etiam
872 3182 975 3238 iterum
