2224 3446
318 93 802 156 crau,cnr.1X.-xr.‚§22-2r.
933 103 982 148 205

137 196 244 252 donem
258 194 350 252 filium
364 215 381 252 a
394 203 488 252 morte
502 202 601 252 contra
614 195 708 252 fatum
722 197 831 272 eripere
845 218 903 255 non
919 221 981 276 pos-

137 282 189 332 set
232 274 298 332 Hoc
316 275 393 332 idern
414 274 700 351 significatGraecus
717 275 764 332 ille
785 277 815 333 in
837 296 900 335 eam
921 299 981 337 seu-

137 355 259 412 tentiam
272 373 385 412 versus:

178 474 252 536 Quod
263 483 328 524 sorte
340 485 453 538 paratum
467 485 511 536 est,
522 475 548 523 id
560 491 685 524 summum
697 485 830 538 exsuperat
841 477 936 529 Iovem.

137 592 243 650 Totum
255 591 375 648 omniuo
386 592 479 649 fatum
492 592 577 649 etiam
587 591 732 649 Atellanio
743 611 825 650 versu
836 593 897 651 iure
907 595 980 653 mibi

137 691 197 728 esse
212 671 325 728 irrisum
337 672 457 742 videtur,
470 672 560 729 sedin
574 671 732 729 robustam
747 673 850 730 severis
864 693 922 731 non
937 683 980 733 est

136 751 252 808 iocandi
268 750 356 809 locus,
399 750 594 808 Concludatur
614 751 704 827 igitur
725 751 820 809 ratio„
849 751 880 809 Si
901 755 979 811 enirn

136 830 281 907 provideri
294 829 366 886 nihil
380 837 476 907 potest
490 831 621 888 futurum
635 850 695 888 esse
709 849 816 902 eorum,
828 851 899 908 quae
913 853 980 892 casu

137 910 218 981 fiunt,
229 909 296 986 quia
309 928 369 967 esse
383 917 460 968 certa
473 929 531 967 non
542 917 671 987 possunt,
684 910 824 968 divinatio
839 912 917 970 nulla
927 921 977 972 est

136 989 188 1047 Sin
206 996 301 1046 autem
315 989 422 1047 idcirco
436 997 558 1066 possunt
571 990 723 1065 provideri,
736 991 803 1068 quia
819 999 896 1050 certa
913 1001 980 1051 suut

136 1077 166 1127 et
180 1068 286 1140 fatalia,
302 1089 398 1126 rursus
415 1068 554 1126 divinatio
575 1069 653 1126 nulla
669 1076 720 1126 est.
762 1070 836 1127 Eam
852 1072 929 1128 enirn
946 1080 979 1130 tu

136 1149 320 1206 fortuitarum
335 1169 428 1206 rerum
444 1168 504 1206 esse
519 1147 641 1206 dicebas.
671 1154 717 1206 26.
736 1149 794 1206 Sed
808 1149 878 1208 hacc
892 1152 980 1209 fuerit

136 1229 219 1286 nobis
236 1236 383 1306 tamquam
400 1228 469 1286 levis
490 1235 647 1286 armaturae
664 1229 758 1304 prima
779 1230 916 1287 orationis
933 1251 978 1288 ex-

136 1309 246 1366 cursio:
272 1328 347 1366 nunc
370 1310 531 1366 cornminus
554 1327 671 1384 agamus
693 1309 936 1386 experiamurque,
955 1312 979 1368 si

135 1389 278 1466 possimus
292 1408 399 1446 cornua
412 1408 592 1446 commovere
605 1387 809 1464 disputationis
823 1395 897 1447 tuae.

174 1469 229 1526 XI.
258 1469 325 1527 Duo
353 1469 431 1526 enirn
458 1488 563 1545 genera
590 1468 738 1527 divinandi
766 1487 826 1525 esse
854 1468 976 1541 dicebas,

134 1568 226 1607 unum
253 1548 446 1620 artificiosum,
471 1549 593 1606 alterum
620 1548 764 1606 naturale:
793 1547 977 1606 artificiosum

134 1636 265 1687 constare
286 1630 392 1706 partim
416 1649 451 1686 ex
475 1629 646 1700 coniectura,
664 1628 770 1705 partim
793 1648 828 1686 ex
850 1628 979 1686 observa-

134 1710 214 1768 tione
231 1709 381 1767 diuturna:
403 1709 539 1780 naturale,
552 1708 631 1785 quod
645 1709 757 1766 animus
772 1709 914 1786 adriperet
928 1716 978 1766 aut

134 1790 277 1866 exciperet
294 1789 467 1846 extrinsecus
485 1807 519 1845 ex
535 1788 694 1859 divinitate,
710 1788 787 1846 unde
804 1808 903 1846 omnes
919 1790 978 1847 aui·

134 1889 198 1926 mos
222 1869 340 1926 haustos
368 1875 417 1926 aut
441 1875 573 1945 acceptos
597 1874 647 1926 aut
671 1867 774 1926 libatos
798 1868 975 1927 haberemus.

133 1948 316 2006 Artificiosae
330 1948 516 2006 divinationis
530 1947 579 2005 illa
591 1948 652 2005 fere
666 1967 771 2023 genera
784 1949 919 2025 ponebas,
932 1969 978 2006 ex-

133 2029 270 2105 tispicum
293 2047 457 2105 eorumque,
480 2028 530 2104 qui
554 2046 589 2084 ex
613 2027 776 2104 fulguribus
800 2030 977 2106 ostentisque

133 2108 337 2184 praedicerent,
349 2115 412 2166 tum
426 2127 566 2184 augurum
581 2126 744 2184 eorumque,
758 2109 807 2185 qui
822 2110 911 2185 signis
927 2117 977 2166 aut

134 2187 280 2245 ominibus
297 2193 451 2258 uterentur,
471 2206 611 2264 omneque
627 2206 718 2265 genus
735 2187 924 2245 coniecturale
945 2189 976 2245 in

133 2267 189 2324 hoc
204 2268 264 2325 fere
279 2287 382 2344 genere
396 2267 531 2344 ponebas.
574 2267 620 2324 27.
643 2266 719 2324 Illud
735 2273 832 2323 autern
848 2268 976 2324 naturale

134 2355 185 2404 aut
198 2347 390 2404 concitatione
407 2347 511 2404 mentis
528 2347 575 2404 edi
590 2353 618 2403 et
633 2346 713 2423 quasi
727 2346 813 2403 fundi
826 2346 977 2404 videbatur

134 2434 184 2483 aut
201 2427 297 2483 auimo
312 2445 363 2503 per
379 2446 511 2484 somnum
530 2425 658 2484 sensibus
675 2432 704 2482 et
721 2425 795 2482 curis
809 2445 899 2482 vacuo
913 2445 977 2503 pro-

133 2506 232 2563 videri.
263 2504 380 2564 Duxisti
394 2512 490 2564 autem
504 2506 707 2563 divinationem
724 2523 839 2562 omnem
854 2524 871 2562 a
885 2504 976 2562 tribus

133 2585 226 2657 rebus,
242 2605 259 2642 a
275 2586 338 2657 deo,
353 2586 457 2657 alato,
473 2606 489 2642 a
505 2593 613 2643 natura
655 2584 714 2641 Sed
729 2590 827 2641 tamen
844 2603 910 2641 curn
931 2605 977 2641 ex-

133 2664 238 2741 plicare
252 2665 324 2722 nihil
336 2685 441 2742 posses,
453 2665 589 2742 pugnasti
603 2664 870 2721 commenticiorum
884 2683 977 2721 exem-

133 2744 247 2820 plorum
270 2744 390 2802 mirifica
412 2745 502 2821 copia.
545 2744 591 2801 De
614 2763 670 2820 quo
691 2744 817 2821 primunr
833 2743 890 2801 hoe
906 2743 977 2800 libet

134 2824 235 2881 dicere.
279 2823 344 2880 Hoc
359 2843 413 2900 ego
428 2823 593 2900 philosophi
607 2843 665 2880 non
683 2842 742 2880 esse
756 2822 887 2894 arbitror,
899 2823 976 2880 testi·

133 2903 187 2959 bus
208 2903 259 2973 uti,
276 2903 326 2978 qui
347 2913 396 2959 aut
410 2923 477 2960 casu
493 2903 552 2959 veri
574 2910 623 2959 aut
644 2902 754 2960 malitia
774 2902 840 2959 falsi
860 2901 977 2979 fictique

133 3001 194 3039 esse
211 2990 348 3058 possunt:
371 2983 546 3059 argumentis
566 2990 596 3039 et
613 2982 770 3039 rationibus
789 2988 904 3058 oportet
921 3001 976 3058 qua

133 3081 163 3118 re
178 3062 304 3138 quidque
318 3063 359 3119 ita
374 3063 410 3117 sit
426 3063 534 3134 docere,
547 3081 605 3117 non
621 3062 736 3131 eventis,
750 3062 785 3117 iis
799 3062 975 3139 praesertim,

134 3141 238 3218 quibus
252 3141 325 3199 mihi
339 3141 422 3198 liceat
436 3160 494 3196 uon
509 3140 629 3197 credere.

228 3222 258 3266 17
