2224 3446
123 95 172 142 reo
383 93 432 142 nn
449 66 697 143 nrvmsrionu.

122 191 282 264 restitisset,
296 191 374 250 haud
394 193 453 250 scio
474 211 510 250 an
527 192 580 250 soli
595 193 653 249 iam
669 190 836 268 philosophi
855 190 962 249 iudica-

122 279 228 330 rentur.
270 270 345 330 Cum
366 272 470 349 quibus
491 273 585 329 omnis
605 272 665 328 fere
685 270 769 328 nobis
790 270 961 347 disceptatio

123 352 327 429 contentioque
347 359 398 422 est,
413 371 473 408 non
494 352 573 428 quod
588 370 638 408 eos
653 351 777 408 maxime
798 356 963 407 contemna-

122 450 195 501 mus,
208 430 259 489 sed
280 431 358 508 quod
381 431 515 489 videntur
537 429 698 488 acutissime
721 429 875 486 sententias
897 449 963 486 sues

122 510 400 588 prudentissimeque
414 510 574 568 defendere.
616 508 691 566 Cum
705 516 801 565 autem
812 509 962 584 proprium

124 590 162 648 sit
177 590 367 647 Academicus
383 590 522 647 iudicium
544 607 626 646 suum
643 588 753 645 nullum
770 589 961 664 interponere,

123 687 157 726 ea
176 669 305 746 probare,
321 689 393 747 quae
414 669 559 726 simillima
580 669 638 726 veri
658 668 816 738 videantur,
832 667 963 724 conferre

124 767 221 806 causas
235 757 264 806 et
278 749 349 825 quid
362 750 393 806 in
408 768 550 825 quamque
565 748 735 805 sententiam
746 746 804 804 dici
814 746 906 823 possit
916 765 964 804 ex·

123 847 262 904 promere,
277 828 355 885 nulle
370 828 500 886 adhibita
516 847 567 885 sua
580 827 748 885 auctoritate
762 825 900 883 iudicium
915 843 963 882 au-

124 907 265 965 dientium
281 907 439 986 relinquere
453 909 596 984 integrum
614 926 646 964 ac
659 905 788 976 liberum,
800 904 964 962 tenebimus

123 985 197 1044 hane
214 988 449 1046 consuetudinem
464 1008 481 1046 a
495 987 611 1045 Socrate
626 985 772 1056 traditam,
784 1003 873 1060 caque
887 984 964 1041 inter

123 1084 186 1138 nos,
200 1067 225 1124 si
241 1067 303 1139 tibi,
320 1067 426 1136 Quinte
442 1067 538 1138 frater,
550 1065 682 1143 placebit,
695 1083 780 1142 quam
798 1064 963 1141 saepissime

124 1155 245 1207 utemur.
288 1147 361 1205 Mihi
377 1167 452 1219 vero,
465 1147 560 1224 inquit
576 1146 631 1217 ille,
643 1144 715 1203 nihil
732 1150 828 1221 potest
845 1161 904 1202 essc
920 1146 962 1201 iu·

125 1225 253 1284 cundius.
296 1226 374 1296 Quae
389 1245 454 1284 cum
469 1233 563 1284 esseut
577 1226 662 1297 diota,
674 1223 854 1282 surreximus
