2242 3436
387 109 443 170 ,DE
460 111 713 162 DIVINATIONE.

230 207 924 272 Templadeumqueadeoflammisurbemqueiubelraut

231 273 334 335 Enpere
342 283 367 322 et
376 283 483 334 stragem
494 275 634 323 horribilem
643 275 794 338 caedemque
803 278 892 324 vereri:

231 341 315 400 Atque
327 339 387 387 lruec
399 339 451 387 fixa
462 341 530 399 gravi
543 340 594 387 fato
605 355 635 387 ac
647 340 750 388 fundata
761 341 848 400 teneri,

231 403 265 451 Ni
277 404 343 465 prius
355 405 480 452 excelsum
492 405 525 452 ad
536 404 649 453 columen
662 406 768 453 tbrmata
780 406 869 454 decore

231 469 323 517 Sancta
334 469 400 517 Iovis
412 471 505 532 species
515 471 594 518 claros
606 479 727 532 spectaret
738 471 763 518 in
776 480 860 519 ortus:

230 535 295 582 Tum
305 535 357 582 fore
366 543 393 582 ut
401 534 510 583 occultos
519 535 623 598 poprrlus
632 545 780 598 sanctusque
788 546 886 585 senatus

231 599 338 648 Cernere
349 611 451 648 conatus
463 610 553 662 posset,
564 601 584 648 si
596 600 654 648 solis
666 602 792 650 adortum

231 664 362 724 Conversa,
375 664 433 713 iude
444 675 542 727 patrum
554 665 624 714 sedes
633 666 765 730 populique
775 666 875 717 videret.

175 759 181 773 .
230 729 301 778 Haec
313 730 411 778 tardata
422 731 465 778 diu
477 731 570 793 species
582 731 737 794 multumque
748 741 846 780 morata

230 794 338 843 Consule
349 805 374 844 te
385 795 486 844 tandem
498 796 564 844 celsa
575 806 613 844 est
623 799 648 844 in
661 797 719 845 sede
731 797 826 846 locata:

230 861 315 922 Atque
327 875 377 908 unu
388 861 433 908 lixi
445 877 474 909 nc
485 862 577 921 signati
588 863 706 924 temporis
719 861 780 910 bora

230 925 340 987 Iuppiter
351 926 451 974 excelsa
462 927 572 976 clarabat
580 937 676 989 sceptra
687 927 809 988 columna,

230 990 264 1036 llt
275 990 356 1039 clades
367 993 463 1053 patriae
473 993 575 1040 flamma
587 992 701 1055 ferroque
712 1003 800 1054 parata

229 1054 339 1104 Vocibus
350 1057 512 1117 Allobrogum
521 1057 630 1120 patribus
640 1058 778 1120 populoque
787 1059 893 1120 patebat.

132 1106 215 1164 XIII.
254 1121 311 1169 Rite
321 1121 396 1181 igitur
404 1131 506 1183 veteres,
516 1138 622 1186 quorum
631 1133 792 1172 monumenta
801 1125 896 1186 terretis,

230 1186 279 1245 Qui
288 1187 390 1248 populos
399 1188 522 1250 urbesque
530 1188 606 1236 modo
614 1203 644 1236 ac
653 1189 742 1236 virtute
751 1189 877 1250 regebant,

229 1251 287 1300 Rite
297 1251 373 1300 etiam
384 1252 467 1312 vestri,
479 1269 584 1316 quorum
596 1254 723 1317 pietasque
734 1254 845 1318 fidesque

228 1316 356 1365 Praestitit
367 1326 392 1365 et
403 1317 476 1378 longe
488 1319 547 1366 vicit
558 1319 679 1381 sapientia
690 1329 816 1380 cunctos,·

229 1381 365 1444 Praecipue
377 1382 474 1432 coluere
484 1384 576 1444 vigenti
585 1385 687 1433 nurnine
698 1385 776 1434 divus.

229 1447 299 1495 Haec
310 1448 373 1496 salso
385 1449 481 1510 penitus
493 1464 552 1497 cura
562 1449 645 1498 videre
657 1449 742 1510 sagaci
796 1505 800 1511 ¹

229 1513 288 1560 Otia
298 1514 340 1576 qui
352 1514 439 1561 studiis
450 1514 508 1563 laeti
520 1522 620 1564 tenuere
631 1515 734 1577 decoris,

171 1608 178 1622 .
229 1578 307 1639 Inque
318 1579 457 1627 Academia
468 1579 603 1628 umbrifera
613 1580 741 1643 nitidoque
753 1579 831 1645 Lycio

227 1642 356 1691 Fuderunt
368 1643 446 1692 claras
458 1645 559 1693 fecundi
570 1645 676 1708 pectoris
687 1655 761 1695 artes.

228 1708 250 1754 Il
262 1709 351 1770 quibus
361 1718 473 1772 ereptum
485 1711 564 1772 primo
575 1711 626 1758 iam
637 1726 654 1759 u
664 1710 725 1760 flore
735 1712 850 1761 iuventae

228 1772 265 1820 'te
278 1775 357 1834 patria
368 1775 393 1821 in
406 1775 489 1822 media
501 1776 619 1824 virtutum
630 1777 696 1824 mole
707 1777 805 1826 locavit.

227 1837 268 1884 'I'u
280 1849 362 1886 tamen
374 1840 499 1888 anxiferas
510 1856 582 1888 curas
596 1842 705 1903 requiete
717 1842 820 1902 relaxas,

228 1901 302 1963 Quod
313 1904 408 1965 patrias
421 1905 488 1953 vocis
500 1906 588 1955 studiis
599 1906 719 1970 nobisque
730 1908 839 1957 sacrasti.

129 2028 174 2086 Tu
188 2028 277 2105 igitur
291 2030 419 2088 animum
433 2033 542 2108 poteris
555 2034 690 2092 inducere
703 2042 804 2093 contra
817 2055 857 2108 ea,
870 2056 944 2114 quae
958 2057 977 2095 a

129 2129 176 2166 me
191 2109 374 2186 disputantur
387 2111 423 2169 de
438 2112 622 2185 divinatione,
634 2115 737 2186 dicere,
750 2116 800 2194 qui
813 2123 843 2174 et
853 2117 976 2193 gesseris

129 2209 171 2262 ea,
184 2209 256 2267 quae
271 2191 394 2267 gessisti,
406 2199 436 2250 et
452 2211 493 2258 ea,
505 2213 577 2270 quae
594 2196 787 2271 pronuntiavi,
799 2197 976 2254 accuratissi-

129 2289 176 2327 me
201 2270 362 2348 scripserist
404 2277 450 2329 23.
473 2271 569 2340 Quidt
593 2275 714 2351 qnaeris,
736 2276 905 2348 Carneades,
923 2296 976 2334 cnr

129 2349 199 2408 haec
215 2351 257 2408 ita
273 2350 343 2408 liant
357 2358 407 2409 aut
422 2371 479 2429 qua
494 2359 555 2410 arte
569 2355 692 2432 perspici
706 2356 835 2432 possintl
876 2356 905 2413 N
906 2358 975 2414 esci-

130 2449 159 2488 re
181 2449 229 2488 me
250 2431 352 2503 fateor,
367 2432 480 2489 evenire
501 2439 597 2490 autern
614 2441 644 2492 te
662 2435 758 2512 ipsum
779 2436 844 2494 dico
866 2436 972 2495 videre.

129 2510 214 2581 Casu,
230 2510 333 2588 inquis.
375 2511 457 2569 Itane
477 2514 563 2570 verol
603 2512 764 2591 Quicquam
784 2522 882 2593 potest
906 2535 974 2574 casu

129 2610 190 2648 esse
209 2591 328 2662 factum,
344 2591 423 2667 quod
440 2611 539 2649 omnes
555 2591 643 2650 habet
659 2593 688 2650 in
706 2613 736 2652 se
753 2613 886 2651 numeros
903 2595 974 2651 veri-

129 2671 214 2728 tatisl
255 2669 398 2738 Quattuor
418 2671 469 2728 tali
485 2671 553 2730 iacti
573 2691 640 2730 casu
657 2673 814 2732 Venerium
836 2672 972 2731 efficiunt.

130 2749 209 2806 Num
231 2750 317 2806 etiam
339 2756 454 2806 eentum
471 2751 621 2823 Venerios,
638 2752 662 2809 si
679 2772 755 2810 coco
773 2753 846 2810 talos
863 2754 971 2824 iecoris,

130 2847 197 2885 casu
211 2825 325 2885 futuros
339 2830 441 2905 putasl
477 2829 603 2906 Aspersa
615 2840 722 2889 temere
733 2833 883 2910 pigmenta
893 2833 921 2889 in
933 2840 974 2890 ta-

130 2907 198 2963 bula
215 2907 271 2963 oris
286 2907 458 2964 lineamenta
474 2909 606 2986 effingere
620 2920 748 2988 possunt.
791 2912 820 2968 N
822 2932 871 2969 um
886 2913 973 2970 etiam

132 2985 253 3042 Veneris
270 2985 346 3042 Coae
363 2987 605 3062 pulchritudinem
623 2991 719 3068 effingi
736 3010 820 3068 posse
837 2993 974 3068 aspersio

132 3083 168 3120 ne
189 3063 310 3120 fonuita
330 3067 432 3140 putasl
473 3066 527 3124 Sus
545 3077 638 3126 rostro
655 3071 679 3127 si
696 3070 777 3128 humi
797 3071 826 3127 A
847 3070 972 3128 litteram

132 3142 315 3217 impresserit,
328 3162 397 3199 num
414 3154 565 3223 propterea
581 3150 718 3226 suspicari
734 3149 843 3228 poteris
859 3150 974 3208 Andro
