<?xml version="1.0" encoding="UTF-8"?>
<!DOCTYPE html PUBLIC "-//W3C//DTD XHTML 1.0 Transitional//EN"
    "http://www.w3.org/TR/xhtml1/DTD/xhtml1-transitional.dtd">
<html xmlns="http://www.w3.org/1999/xhtml" xml:lang="en" lang="en">
 <head>
  <title>
</title>
<meta http-equiv="Content-Type" content="text/html;charset=utf-8" />
  <meta name='ocr-system' content='tesseract 3.04.00' />
  <meta name='ocr-capabilities' content='ocr_page ocr_carea ocr_par ocr_line ocrx_word'/>
</head>
<body>
  <div class='ocr_page' id='page_1' title='image "./mtulliiciceroni106cicegoog/mtulliiciceroni106cicegoog_0111.png"; bbox 0 0 2242 3436; ppageno 0'>
   <div class='ocr_carea' id='block_1_1' title="bbox 132 98 748 148">
    <p class='ocr_par' dir='ltr' id='par_1_1' title="bbox 132 98 748 148">
     <span class='ocr_line' id='line_1_1' title="bbox 132 98 748 148; baseline 0.005 -3"><span class='ocrx_word' id='word_1_1' title='bbox 132 99 179 146; x_wconf 87' lang='lat'>100</span> <span class='ocrx_word' id='word_1_2' title='bbox 355 98 404 146; x_wconf 80' lang='lat' dir='ltr'>DE</span> <span class='ocrx_word' id='word_1_3' title='bbox 421 98 570 148; x_wconf 83' lang='lat' dir='ltr'>NATURA</span> <span class='ocrx_word' id='word_1_4' title='bbox 586 98 748 148; x_wconf 84' lang='lat' dir='ltr'><strong>DEORUM.</strong></span> 
     </span>
    </p>
   </div>
   <div class='ocr_carea' id='block_1_2' title="bbox 131 197 978 3225">
    <p class='ocr_par' dir='ltr' id='par_1_2' title="bbox 131 197 978 3225">
     <span class='ocr_line' id='line_1_2' title="bbox 131 197 973 276; baseline 0.001 -22"><span class='ocrx_word' id='word_1_5' title='bbox 131 197 833 276; x_wconf 87' lang='lat' dir='ltr'>cipiumamenteducenspercipituretfuuditur.</span> <span class='ocrx_word' id='word_1_6' title='bbox 858 197 973 255; x_wconf 83' lang='lat' dir='ltr'>Deinde</span> 
     </span>
     <span class='ocr_line' id='line_1_3' title="bbox 131 277 974 353; baseline 0 -19"><span class='ocrx_word' id='word_1_7' title='bbox 131 278 162 334; x_wconf 93' lang='lat' dir='ltr'>iu</span> <span class='ocrx_word' id='word_1_8' title='bbox 177 297 224 334; x_wconf 88' lang='lat' dir='ltr'>ore</span> <span class='ocrx_word' id='word_1_9' title='bbox 239 277 294 334; x_wconf 89' lang='lat' dir='ltr'>sita</span> <span class='ocrx_word' id='word_1_10' title='bbox 307 277 406 353; x_wconf 87' lang='lat' dir='ltr'>lingua</span> <span class='ocrx_word' id='word_1_11' title='bbox 420 284 463 334; x_wconf 90' lang='lat' dir='ltr'>est</span> <span class='ocrx_word' id='word_1_12' title='bbox 476 277 559 335; x_wconf 88' lang='lat' dir='ltr'>finita</span> <span class='ocrx_word' id='word_1_13' title='bbox 573 278 715 336; x_wconf 77' lang='lat' dir='ltr'>dentibus,</span> <span class='ocrx_word' id='word_1_14' title='bbox 751 278 794 334; x_wconf 85' lang='lat' dir='ltr'>Ea</span> <span class='ocrx_word' id='word_1_15' title='bbox 808 297 907 335; x_wconf 90' lang='lat' dir='ltr'>vocem</span> <span class='ocrx_word' id='word_1_16' title='bbox 920 279 974 334; x_wconf 92' lang='lat' dir='ltr'>im-</span> 
     </span>
     <span class='ocr_line' id='line_1_4' title="bbox 131 357 973 435; baseline 0 -21"><span class='ocrx_word' id='word_1_17' title='bbox 131 357 277 414; x_wconf 82' lang='lat' dir='ltr'>moderate</span> <span class='ocrx_word' id='word_1_18' title='bbox 298 357 447 434; x_wconf 84' lang='lat' dir='ltr'>profusam</span> <span class='ocrx_word' id='word_1_19' title='bbox 468 357 552 434; x_wconf 88' lang='lat' dir='ltr'>fingit</span> <span class='ocrx_word' id='word_1_20' title='bbox 573 365 602 415; x_wconf 94' lang='lat' dir='ltr'>et</span> <span class='ocrx_word' id='word_1_21' title='bbox 622 359 757 416; x_wconf 78' lang='lat' dir='ltr'>terminat</span> <span class='ocrx_word' id='word_1_22' title='bbox 779 365 864 435; x_wconf 89' lang='lat' dir='ltr'>atque</span> <span class='ocrx_word' id='word_1_23' title='bbox 887 376 973 414; x_wconf 88' lang='lat' dir='ltr'>sonos</span> 
     </span>
     <span class='ocr_line' id='line_1_5' title="bbox 131 436 974 513; baseline 0.002 -20"><span class='ocrx_word' id='word_1_24' title='bbox 131 437 209 494; x_wconf 84' lang='lat' dir='ltr'>vocis</span> <span class='ocrx_word' id='word_1_25' title='bbox 223 437 374 494; x_wconf 87' lang='lat' dir='ltr'>distinctos</span> <span class='ocrx_word' id='word_1_26' title='bbox 389 444 418 494; x_wconf 91' lang='lat' dir='ltr'>et</span> <span class='ocrx_word' id='word_1_27' title='bbox 429 457 540 513; x_wconf 90' lang='lat' dir='ltr'>pressos</span> <span class='ocrx_word' id='word_1_28' title='bbox 555 436 649 509; x_wconf 90' lang='lat' dir='ltr'>efficit,</span> <span class='ocrx_word' id='word_1_29' title='bbox 658 458 724 495; x_wconf 91' lang='lat' dir='ltr'>curn</span> <span class='ocrx_word' id='word_1_30' title='bbox 738 437 775 494; x_wconf 92' lang='lat' dir='ltr'>ad</span> <span class='ocrx_word' id='word_1_31' title='bbox 786 437 886 495; x_wconf 92' lang='lat' dir='ltr'>dentes</span> <span class='ocrx_word' id='word_1_32' title='bbox 896 444 925 494; x_wconf 91' lang='lat' dir='ltr'>et</span> <span class='ocrx_word' id='word_1_33' title='bbox 936 437 974 495; x_wconf 86' lang='lat' dir='ltr'>ad</span> 
     </span>
     <span class='ocr_line' id='line_1_6' title="bbox 132 517 974 594; baseline -0.001 -20"><span class='ocrx_word' id='word_1_34' title='bbox 132 517 200 574; x_wconf 87' lang='lat' dir='ltr'>alias</span> <span class='ocrx_word' id='word_1_35' title='bbox 221 523 314 593; x_wconf 86' lang='lat' dir='ltr'>partes</span> <span class='ocrx_word' id='word_1_36' title='bbox 335 517 417 594; x_wconf 92' lang='lat' dir='ltr'>pellit</span> <span class='ocrx_word' id='word_1_37' title='bbox 438 517 502 574; x_wconf 91' lang='lat' dir='ltr'>oris.</span> <span class='ocrx_word' id='word_1_38' title='bbox 546 517 647 594; x_wconf 86' lang='lat' dir='ltr'>Itaque</span> <span class='ocrx_word' id='word_1_39' title='bbox 664 517 764 594; x_wconf 81' lang='lat' dir='ltr'>plectri</span> <span class='ocrx_word' id='word_1_40' title='bbox 781 517 905 574; x_wconf 85' lang='lat' dir='ltr'>similem</span> <span class='ocrx_word' id='word_1_41' title='bbox 921 517 974 573; x_wconf 92' lang='lat' dir='ltr'>lin·</span> 
     </span>
     <span class='ocr_line' id='line_1_7' title="bbox 131 596 973 672; baseline 0.001 -20"><span class='ocrx_word' id='word_1_42' title='bbox 131 615 218 672; x_wconf 89' lang='lat' dir='ltr'>guam</span> <span class='ocrx_word' id='word_1_43' title='bbox 239 596 329 653; x_wconf 90' lang='lat' dir='ltr'>nostri</span> <span class='ocrx_word' id='word_1_44' title='bbox 350 596 443 653; x_wconf 87' lang='lat' dir='ltr'>solent</span> <span class='ocrx_word' id='word_1_45' title='bbox 463 597 565 668; x_wconf 86' lang='lat' dir='ltr'>dicere,</span> <span class='ocrx_word' id='word_1_46' title='bbox 578 597 750 655; x_wconf 91' lang='lat' dir='ltr'>chordarum</span> <span class='ocrx_word' id='word_1_47' title='bbox 771 597 879 668; x_wconf 70' lang='lat' dir='ltr'>dentes</span> <span class='ocrx_word' id='word_1_48' title='bbox 891 616 973 654; x_wconf 89' lang='lat' dir='ltr'>nares</span> 
     </span>
     <span class='ocr_line' id='line_1_8' title="bbox 132 675 972 752; baseline 0.001 -19"><span class='ocrx_word' id='word_1_49' title='bbox 132 675 265 733; x_wconf 90' lang='lat' dir='ltr'>cornibus</span> <span class='ocrx_word' id='word_1_50' title='bbox 276 676 318 745; x_wconf 87' lang='lat' dir='ltr'>iis,</span> <span class='ocrx_word' id='word_1_51' title='bbox 327 676 376 752; x_wconf 90' lang='lat' dir='ltr'>qui</span> <span class='ocrx_word' id='word_1_52' title='bbox 387 677 424 733; x_wconf 87' lang='lat' dir='ltr'>ad</span> <span class='ocrx_word' id='word_1_53' title='bbox 434 696 536 734; x_wconf 88' lang='lat' dir='ltr'>nervos</span> <span class='ocrx_word' id='word_1_54' title='bbox 550 685 684 734; x_wconf 90' lang='lat' dir='ltr'>resonant</span> <span class='ocrx_word' id='word_1_55' title='bbox 696 677 725 734; x_wconf 91' lang='lat' dir='ltr'>iu</span> <span class='ocrx_word' id='word_1_56' title='bbox 740 677 878 734; x_wconf 76' lang='lat' dir='ltr'>cantibus,</span> <span class='ocrx_word' id='word_1_57' title='bbox 909 676 972 734; x_wconf 91' lang='lat' dir='ltr'>LX.</span> 
     </span>
     <span class='ocr_line' id='line_1_9' title="bbox 134 754 974 833; baseline 0 -22"><span class='ocrx_word' id='word_1_58' title='bbox 134 761 199 813; x_wconf 84' lang='lat'>150.</span> <span class='ocrx_word' id='word_1_59' title='bbox 212 754 305 823; x_wconf 76' lang='lat' dir='ltr'>Quam</span> <span class='ocrx_word' id='word_1_60' title='bbox 316 775 383 813; x_wconf 86' lang='lat' dir='ltr'>vero</span> <span class='ocrx_word' id='word_1_61' title='bbox 394 763 475 832; x_wconf 79' lang='lat' dir='ltr'>aptas</span> <span class='ocrx_word' id='word_1_62' title='bbox 487 775 629 833; x_wconf 91' lang='lat' dir='ltr'>quamque</span> <span class='ocrx_word' id='word_1_63' title='bbox 640 756 795 813; x_wconf 88' lang='lat' dir='ltr'>multarum</span> <span class='ocrx_word' id='word_1_64' title='bbox 806 757 911 812; x_wconf 87' lang='lat' dir='ltr'>artium</span> <span class='ocrx_word' id='word_1_65' title='bbox 922 756 974 812; x_wconf 92' lang='lat' dir='ltr'>rni-</span> 
     </span>
     <span class='ocr_line' id='line_1_10' title="bbox 132 835 973 912; baseline 0 -21"><span class='ocrx_word' id='word_1_66' title='bbox 132 835 235 892; x_wconf 89' lang='lat' dir='ltr'>nistras</span> <span class='ocrx_word' id='word_1_67' title='bbox 246 853 346 891; x_wconf 90' lang='lat' dir='ltr'>manus</span> <span class='ocrx_word' id='word_1_68' title='bbox 357 842 458 892; x_wconf 88' lang='lat' dir='ltr'>natura</span> <span class='ocrx_word' id='word_1_69' title='bbox 466 836 578 893; x_wconf 90' lang='lat' dir='ltr'>homini</span> <span class='ocrx_word' id='word_1_70' title='bbox 587 836 683 893; x_wconf 90' lang='lat' dir='ltr'>dedit!</span> <span class='ocrx_word' id='word_1_71' title='bbox 716 835 884 912; x_wconf 84' lang='lat' dir='ltr'>Digitorum</span> <span class='ocrx_word' id='word_1_72' title='bbox 896 835 973 892; x_wconf 90' lang='lat' dir='ltr'>enim</span> 
     </span>
     <span class='ocr_line' id='line_1_11' title="bbox 133 914 974 993; baseline -0.001 -22"><span class='ocrx_word' id='word_1_73' title='bbox 133 915 289 971; x_wconf 87' lang='lat' dir='ltr'>contractio</span> <span class='ocrx_word' id='word_1_74' title='bbox 304 914 397 971; x_wconf 84' lang='lat' dir='ltr'>facilis</span> <span class='ocrx_word' id='word_1_75' title='bbox 413 915 563 993; x_wconf 83' lang='lat' dir='ltr'>facilisque</span> <span class='ocrx_word' id='word_1_76' title='bbox 579 915 722 992; x_wconf 90' lang='lat' dir='ltr'>porrectio</span> <span class='ocrx_word' id='word_1_77' title='bbox 739 922 857 992; x_wconf 91' lang='lat' dir='ltr'>propter</span> <span class='ocrx_word' id='word_1_78' title='bbox 872 915 974 972; x_wconf 89' lang='lat' dir='ltr'>molles</span> 
     </span>
     <span class='ocr_line' id='line_1_12' title="bbox 133 993 974 1070; baseline 0 -19"><span class='ocrx_word' id='word_1_79' title='bbox 133 993 332 1051; x_wconf 89' lang='lat' dir='ltr'>commissuras</span> <span class='ocrx_word' id='word_1_80' title='bbox 347 1002 375 1052; x_wconf 90' lang='lat' dir='ltr'>et</span> <span class='ocrx_word' id='word_1_81' title='bbox 388 1002 467 1052; x_wconf 85' lang='lat' dir='ltr'>artus</span> <span class='ocrx_word' id='word_1_82' title='bbox 481 996 560 1053; x_wconf 91' lang='lat' dir='ltr'>nullo</span> <span class='ocrx_word' id='word_1_83' title='bbox 574 996 604 1052; x_wconf 93' lang='lat' dir='ltr'>in</span> <span class='ocrx_word' id='word_1_84' title='bbox 618 1002 701 1053; x_wconf 90' lang='lat' dir='ltr'>motu</span> <span class='ocrx_word' id='word_1_85' title='bbox 716 995 834 1052; x_wconf 88' lang='lat' dir='ltr'>laborat.</span> <span class='ocrx_word' id='word_1_86' title='bbox 873 994 974 1070; x_wconf 86' lang='lat' dir='ltr'>Itaque</span> 
     </span>
     <span class='ocr_line' id='line_1_13' title="bbox 133 1074 975 1152; baseline 0 -21"><span class='ocrx_word' id='word_1_87' title='bbox 133 1074 170 1131; x_wconf 88' lang='lat' dir='ltr'>ad</span> <span class='ocrx_word' id='word_1_88' title='bbox 184 1074 371 1150; x_wconf 89' lang='lat' dir='ltr'>pingendum,</span> <span class='ocrx_word' id='word_1_89' title='bbox 381 1075 418 1133; x_wconf 84' lang='lat' dir='ltr'>ad</span> <span class='ocrx_word' id='word_1_90' title='bbox 428 1074 603 1152; x_wconf 88' lang='lat' dir='ltr'>fingendum,</span> <span class='ocrx_word' id='word_1_91' title='bbox 615 1075 651 1132; x_wconf 87' lang='lat' dir='ltr'>ad</span> <span class='ocrx_word' id='word_1_92' title='bbox 662 1075 855 1152; x_wconf 89' lang='lat' dir='ltr'>scalpendum,</span> <span class='ocrx_word' id='word_1_93' title='bbox 866 1074 903 1131; x_wconf 88' lang='lat' dir='ltr'>ad</span> <span class='ocrx_word' id='word_1_94' title='bbox 913 1094 975 1131; x_wconf 89' lang='lat' dir='ltr'>ner·</span> 
     </span>
     <span class='ocr_line' id='line_1_14' title="bbox 134 1152 975 1232; baseline 0.002 -22"><span class='ocrx_word' id='word_1_95' title='bbox 134 1173 234 1210; x_wconf 91' lang='lat' dir='ltr'>vorum</span> <span class='ocrx_word' id='word_1_96' title='bbox 251 1152 403 1211; x_wconf 90' lang='lat' dir='ltr'>eliciendos</span> <span class='ocrx_word' id='word_1_97' title='bbox 420 1175 506 1212; x_wconf 89' lang='lat' dir='ltr'>sonos</span> <span class='ocrx_word' id='word_1_98' title='bbox 523 1175 555 1212; x_wconf 89' lang='lat' dir='ltr'>ac</span> <span class='ocrx_word' id='word_1_99' title='bbox 571 1155 707 1212; x_wconf 84' lang='lat' dir='ltr'>tibiarum</span> <span class='ocrx_word' id='word_1_100' title='bbox 725 1161 792 1232; x_wconf 88' lang='lat' dir='ltr'>apta</span> <span class='ocrx_word' id='word_1_101' title='bbox 812 1173 914 1211; x_wconf 86' lang='lat' dir='ltr'>manus</span> <span class='ocrx_word' id='word_1_102' title='bbox 931 1161 975 1212; x_wconf 91' lang='lat' dir='ltr'>est</span> 
     </span>
     <span class='ocr_line' id='line_1_15' title="bbox 134 1233 976 1311; baseline 0.001 -21"><span class='ocrx_word' id='word_1_103' title='bbox 134 1233 298 1290; x_wconf 91' lang='lat' dir='ltr'>admotione</span> <span class='ocrx_word' id='word_1_104' title='bbox 314 1235 479 1308; x_wconf 87' lang='lat' dir='ltr'>digitorum.</span> <span class='ocrx_word' id='word_1_105' title='bbox 515 1234 613 1311; x_wconf 89' lang='lat' dir='ltr'>Atque</span> <span class='ocrx_word' id='word_1_106' title='bbox 625 1235 694 1292; x_wconf 89' lang='lat' dir='ltr'>haec</span> <span class='ocrx_word' id='word_1_107' title='bbox 709 1234 917 1304; x_wconf 89' lang='lat' dir='ltr'>oblectationis,</span> <span class='ocrx_word' id='word_1_108' title='bbox 926 1233 976 1291; x_wconf 87' lang='lat' dir='ltr'>illa</span> 
     </span>
     <span class='ocr_line' id='line_1_16' title="bbox 134 1313 976 1390; baseline 0 -20"><span class='ocrx_word' id='word_1_109' title='bbox 134 1313 317 1383; x_wconf 82' lang='lat' dir='ltr'>necessitatis,</span> <span class='ocrx_word' id='word_1_110' title='bbox 325 1314 416 1371; x_wconf 90' lang='lat' dir='ltr'>cultus</span> <span class='ocrx_word' id='word_1_111' title='bbox 427 1314 492 1371; x_wconf 91' lang='lat' dir='ltr'>dico</span> <span class='ocrx_word' id='word_1_112' title='bbox 502 1334 636 1390; x_wconf 89' lang='lat' dir='ltr'>agrorum</span> <span class='ocrx_word' id='word_1_113' title='bbox 647 1314 909 1390; x_wconf 87' lang='lat' dir='ltr'>exstructionesque</span> <span class='ocrx_word' id='word_1_114' title='bbox 918 1321 976 1371; x_wconf 92' lang='lat' dir='ltr'>tec-</span> 
     </span>
     <span class='ocr_line' id='line_1_17' title="bbox 133 1394 976 1470; baseline -0.001 -19"><span class='ocrx_word' id='word_1_115' title='bbox 133 1400 410 1470; x_wconf 85' lang='lat' dir='ltr'>torum,tegumenta</span> <span class='ocrx_word' id='word_1_116' title='bbox 420 1414 572 1470; x_wconf 92' lang='lat' dir='ltr'>corporum</span> <span class='ocrx_word' id='word_1_117' title='bbox 583 1394 625 1451; x_wconf 92' lang='lat' dir='ltr'>vel</span> <span class='ocrx_word' id='word_1_118' title='bbox 635 1402 714 1451; x_wconf 87' lang='lat' dir='ltr'>texta</span> <span class='ocrx_word' id='word_1_119' title='bbox 723 1394 766 1452; x_wconf 85' lang='lat' dir='ltr'>rel</span> <span class='ocrx_word' id='word_1_120' title='bbox 776 1402 839 1451; x_wconf 88' lang='lat' dir='ltr'>suta</span> <span class='ocrx_word' id='word_1_121' title='bbox 848 1413 976 1450; x_wconf 91' lang='lat' dir='ltr'>omnem-</span> 
     </span>
     <span class='ocr_line' id='line_1_18' title="bbox 135 1473 976 1550; baseline -0.001 -20"><span class='ocrx_word' id='word_1_122' title='bbox 135 1473 338 1550; x_wconf 86' lang='lat' dir='ltr'>quefabricam</span> <span class='ocrx_word' id='word_1_123' title='bbox 352 1474 423 1530; x_wconf 87' lang='lat' dir='ltr'>aeris</span> <span class='ocrx_word' id='word_1_124' title='bbox 438 1480 466 1530; x_wconf 90' lang='lat' dir='ltr'>et</span> <span class='ocrx_word' id='word_1_125' title='bbox 477 1475 562 1531; x_wconf 86' lang='lat' dir='ltr'>ferri:</span> <span class='ocrx_word' id='word_1_126' title='bbox 585 1494 619 1531; x_wconf 88' lang='lat' dir='ltr'>ex</span> <span class='ocrx_word' id='word_1_127' title='bbox 631 1493 688 1550; x_wconf 92' lang='lat' dir='ltr'>quo</span> <span class='ocrx_word' id='word_1_128' title='bbox 700 1474 876 1550; x_wconf 87' lang='lat' dir='ltr'>intellegitur</span> <span class='ocrx_word' id='word_1_129' title='bbox 887 1473 922 1530; x_wconf 90' lang='lat' dir='ltr'>ad</span> <span class='ocrx_word' id='word_1_130' title='bbox 933 1473 976 1529; x_wconf 88' lang='lat' dir='ltr'>in-</span> 
     </span>
     <span class='ocr_line' id='line_1_19' title="bbox 134 1553 976 1630; baseline 0 -20"><span class='ocrx_word' id='word_1_131' title='bbox 134 1554 471 1629; x_wconf 89' lang='lat' dir='ltr'>ventaanirn0,percepta</span> <span class='ocrx_word' id='word_1_132' title='bbox 479 1553 615 1625; x_wconf 91' lang='lat' dir='ltr'>sensibus,</span> <span class='ocrx_word' id='word_1_133' title='bbox 625 1554 762 1611; x_wconf 89' lang='lat' dir='ltr'>adhibitis</span> <span class='ocrx_word' id='word_1_134' title='bbox 772 1553 908 1630; x_wconf 89' lang='lat' dir='ltr'>opificum</span> <span class='ocrx_word' id='word_1_135' title='bbox 917 1573 976 1610; x_wconf 87' lang='lat' dir='ltr'>ma·</span> 
     </span>
     <span class='ocr_line' id='line_1_20' title="bbox 134 1633 975 1706; baseline 0.005 -16"><span class='ocrx_word' id='word_1_136' title='bbox 134 1633 219 1690; x_wconf 91' lang='lat' dir='ltr'>nibus</span> <span class='ocrx_word' id='word_1_137' title='bbox 229 1633 325 1689; x_wconf 89' lang='lat' dir='ltr'>omnia</span> <span class='ocrx_word' id='word_1_138' title='bbox 334 1652 385 1689; x_wconf 90' lang='lat' dir='ltr'>nos</span> <span class='ocrx_word' id='word_1_139' title='bbox 395 1641 571 1706; x_wconf 89' lang='lat' dir='ltr'>consecutos,</span> <span class='ocrx_word' id='word_1_140' title='bbox 579 1642 612 1690; x_wconf 91' lang='lat' dir='ltr'>ut</span> <span class='ocrx_word' id='word_1_141' title='bbox 623 1635 700 1704; x_wconf 91' lang='lat' dir='ltr'>tecti,</span> <span class='ocrx_word' id='word_1_142' title='bbox 709 1641 742 1691; x_wconf 94' lang='lat' dir='ltr'>ut</span> <span class='ocrx_word' id='word_1_143' title='bbox 751 1634 855 1704; x_wconf 88' lang='lat' dir='ltr'>vestiti,</span> <span class='ocrx_word' id='word_1_144' title='bbox 863 1640 895 1690; x_wconf 92' lang='lat' dir='ltr'>ut</span> <span class='ocrx_word' id='word_1_145' title='bbox 905 1634 975 1694; x_wconf 85' lang='lat' dir='ltr'>salvi</span> 
     </span>
     <span class='ocr_line' id='line_1_21' title="bbox 135 1713 976 1789; baseline 0 -19"><span class='ocrx_word' id='word_1_146' title='bbox 135 1733 195 1770; x_wconf 89' lang='lat' dir='ltr'>esse</span> <span class='ocrx_word' id='word_1_147' title='bbox 209 1731 365 1789; x_wconf 86' lang='lat' dir='ltr'>possemus,</span> <span class='ocrx_word' id='word_1_148' title='bbox 376 1713 467 1784; x_wconf 90' lang='lat' dir='ltr'>urbes,</span> <span class='ocrx_word' id='word_1_149' title='bbox 477 1732 582 1783; x_wconf 90' lang='lat' dir='ltr'>muros,</span> <span class='ocrx_word' id='word_1_150' title='bbox 593 1714 747 1785; x_wconf 92' lang='lat' dir='ltr'>domicilia,</span> <span class='ocrx_word' id='word_1_151' title='bbox 760 1713 877 1771; x_wconf 87' lang='lat' dir='ltr'>delubra</span> <span class='ocrx_word' id='word_1_152' title='bbox 890 1713 976 1784; x_wconf 78' lang='lat' dir='ltr'>lrabe-</span> 
     </span>
     <span class='ocr_line' id='line_1_22' title="bbox 135 1791 976 1869; baseline 0.001 -21"><span class='ocrx_word' id='word_1_153' title='bbox 135 1812 237 1849; x_wconf 86' lang='lat' dir='ltr'>remus.</span> <span class='ocrx_word' id='word_1_154' title='bbox 275 1796 341 1848; x_wconf 84' lang='lat'>151.</span> <span class='ocrx_word' id='word_1_155' title='bbox 353 1791 415 1848; x_wconf 89' lang='lat' dir='ltr'>Iam</span> <span class='ocrx_word' id='word_1_156' title='bbox 425 1812 490 1850; x_wconf 90' lang='lat' dir='ltr'>vero</span> <span class='ocrx_word' id='word_1_157' title='bbox 502 1793 635 1869; x_wconf 90' lang='lat' dir='ltr'>operibus</span> <span class='ocrx_word' id='word_1_158' title='bbox 645 1793 806 1864; x_wconf 86' lang='lat' dir='ltr'>hominum,</span> <span class='ocrx_word' id='word_1_159' title='bbox 815 1794 846 1850; x_wconf 94' lang='lat' dir='ltr'>id</span> <span class='ocrx_word' id='word_1_160' title='bbox 856 1800 907 1864; x_wconf 88' lang='lat' dir='ltr'>est,</span> <span class='ocrx_word' id='word_1_161' title='bbox 917 1813 976 1850; x_wconf 86' lang='lat' dir='ltr'>rna-</span> 
     </span>
     <span class='ocr_line' id='line_1_23' title="bbox 136 1871 977 1950; baseline 0.004 -22"><span class='ocrx_word' id='word_1_162' title='bbox 136 1872 220 1929; x_wconf 90' lang='lat' dir='ltr'>nibus</span> <span class='ocrx_word' id='word_1_163' title='bbox 234 1871 290 1928; x_wconf 89' lang='lat' dir='ltr'>cibi</span> <span class='ocrx_word' id='word_1_164' title='bbox 301 1872 388 1928; x_wconf 91' lang='lat' dir='ltr'>etiam</span> <span class='ocrx_word' id='word_1_165' title='bbox 399 1872 518 1930; x_wconf 87' lang='lat' dir='ltr'>varietas</span> <span class='ocrx_word' id='word_1_166' title='bbox 529 1874 673 1931; x_wconf 87' lang='lat' dir='ltr'>invenitur</span> <span class='ocrx_word' id='word_1_167' title='bbox 686 1881 716 1931; x_wconf 90' lang='lat' dir='ltr'>et</span> <span class='ocrx_word' id='word_1_168' title='bbox 730 1874 820 1950; x_wconf 89' lang='lat' dir='ltr'>copia.</span> <span class='ocrx_word' id='word_1_169' title='bbox 856 1873 931 1930; x_wconf 91' lang='lat' dir='ltr'>Nam</span> <span class='ocrx_word' id='word_1_170' title='bbox 947 1881 977 1932; x_wconf 92' lang='lat' dir='ltr'>et</span> 
     </span>
     <span class='ocr_line' id='line_1_24' title="bbox 136 1951 975 2031; baseline 0.002 -23"><span class='ocrx_word' id='word_1_171' title='bbox 136 1952 197 2028; x_wconf 85' lang='lat' dir='ltr'>agri</span> <span class='ocrx_word' id='word_1_172' title='bbox 216 1951 306 2008; x_wconf 89' lang='lat' dir='ltr'>multa</span> <span class='ocrx_word' id='word_1_173' title='bbox 327 1952 450 2009; x_wconf 82' lang='lat' dir='ltr'>efferunt</span> <span class='ocrx_word' id='word_1_174' title='bbox 469 1972 556 2010; x_wconf 88' lang='lat' dir='ltr'>manu</span> <span class='ocrx_word' id='word_1_175' title='bbox 576 1954 711 2030; x_wconf 86' lang='lat' dir='ltr'>quaesita,</span> <span class='ocrx_word' id='word_1_176' title='bbox 724 1973 796 2031; x_wconf 85' lang='lat' dir='ltr'>quae</span> <span class='ocrx_word' id='word_1_177' title='bbox 813 1954 857 2011; x_wconf 89' lang='lat' dir='ltr'>vel</span> <span class='ocrx_word' id='word_1_178' title='bbox 877 1954 975 2012; x_wconf 90' lang='lat' dir='ltr'>statim</span> 
     </span>
     <span class='ocr_line' id='line_1_25' title="bbox 136 2031 977 2111; baseline 0.005 -23"><span class='ocrx_word' id='word_1_179' title='bbox 136 2038 340 2088; x_wconf 85' lang='lat' dir='ltr'>consumantur</span> <span class='ocrx_word' id='word_1_180' title='bbox 349 2031 392 2088; x_wconf 92' lang='lat' dir='ltr'>vel</span> <span class='ocrx_word' id='word_1_181' title='bbox 401 2033 572 2090; x_wconf 87' lang='lat' dir='ltr'>mandentur</span> <span class='ocrx_word' id='word_1_182' title='bbox 583 2034 699 2091; x_wconf 90' lang='lat' dir='ltr'>condita</span> <span class='ocrx_word' id='word_1_183' title='bbox 708 2035 851 2105; x_wconf 88' lang='lat' dir='ltr'>vetustati,</span> <span class='ocrx_word' id='word_1_184' title='bbox 860 2041 889 2092; x_wconf 91' lang='lat' dir='ltr'>et</span> <span class='ocrx_word' id='word_1_185' title='bbox 898 2053 977 2111; x_wconf 87' lang='lat' dir='ltr'>prae-</span> 
     </span>
     <span class='ocr_line' id='line_1_26' title="bbox 136 2111 978 2191; baseline 0.004 -23"><span class='ocrx_word' id='word_1_186' title='bbox 136 2121 214 2168; x_wconf 90' lang='lat' dir='ltr'>terea</span> <span class='ocrx_word' id='word_1_187' title='bbox 223 2112 363 2168; x_wconf 83' lang='lat' dir='ltr'>vescimur</span> <span class='ocrx_word' id='word_1_188' title='bbox 376 2111 474 2170; x_wconf 88' lang='lat' dir='ltr'>bestiis</span> <span class='ocrx_word' id='word_1_189' title='bbox 488 2120 517 2176; x_wconf 90' lang='lat' dir='ltr'>et</span> <span class='ocrx_word' id='word_1_190' title='bbox 528 2115 647 2171; x_wconf 90' lang='lat' dir='ltr'>terrenis</span> <span class='ocrx_word' id='word_1_191' title='bbox 661 2122 690 2172; x_wconf 91' lang='lat' dir='ltr'>et</span> <span class='ocrx_word' id='word_1_192' title='bbox 704 2114 875 2191; x_wconf 89' lang='lat' dir='ltr'>aquatilibus</span> <span class='ocrx_word' id='word_1_193' title='bbox 889 2123 918 2172; x_wconf 93' lang='lat' dir='ltr'>et</span> <span class='ocrx_word' id='word_1_194' title='bbox 928 2135 978 2171; x_wconf 89' lang='lat' dir='ltr'>vo-</span> 
     </span>
     <span class='ocr_line' id='line_1_27' title="bbox 136 2191 977 2271; baseline 0.005 -24"><span class='ocrx_word' id='word_1_195' title='bbox 136 2191 270 2262; x_wconf 87' lang='lat' dir='ltr'>latilibus,</span> <span class='ocrx_word' id='word_1_196' title='bbox 283 2192 387 2268; x_wconf 88' lang='lat' dir='ltr'>partim</span> <span class='ocrx_word' id='word_1_197' title='bbox 405 2194 551 2269; x_wconf 88' lang='lat' dir='ltr'>capiendo,</span> <span class='ocrx_word' id='word_1_198' title='bbox 564 2195 669 2271; x_wconf 90' lang='lat' dir='ltr'>partim</span> <span class='ocrx_word' id='word_1_199' title='bbox 684 2194 794 2252; x_wconf 91' lang='lat' dir='ltr'>alendo.</span> <span class='ocrx_word' id='word_1_200' title='bbox 829 2193 977 2252; x_wconf 86' lang='lat' dir='ltr'>Efficimus</span> 
     </span>
     <span class='ocr_line' id='line_1_28' title="bbox 137 2271 976 2352; baseline 0.005 -25"><span class='ocrx_word' id='word_1_201' title='bbox 137 2271 223 2328; x_wconf 88' lang='lat' dir='ltr'>etiam</span> <span class='ocrx_word' id='word_1_202' title='bbox 235 2272 347 2329; x_wconf 90' lang='lat' dir='ltr'>domitu</span> <span class='ocrx_word' id='word_1_203' title='bbox 358 2280 456 2330; x_wconf 91' lang='lat' dir='ltr'>nostro</span> <span class='ocrx_word' id='word_1_204' title='bbox 466 2274 683 2351; x_wconf 87' lang='lat' dir='ltr'>quadrupedum</span> <span class='ocrx_word' id='word_1_205' title='bbox 692 2275 844 2345; x_wconf 69' lang='lat' dir='ltr'>vectiones</span> <span class='ocrx_word' id='word_1_206' title='bbox 854 2294 976 2352; x_wconf 91' lang='lat' dir='ltr'>quorum</span> 
     </span>
     <span class='ocr_line' id='line_1_29' title="bbox 138 2351 977 2431; baseline 0.002 -23"><span class='ocrx_word' id='word_1_207' title='bbox 138 2351 264 2408; x_wconf 89' lang='lat' dir='ltr'>celeritas</span> <span class='ocrx_word' id='word_1_208' title='bbox 281 2359 366 2429; x_wconf 88' lang='lat' dir='ltr'>atque</span> <span class='ocrx_word' id='word_1_209' title='bbox 382 2353 423 2410; x_wconf 92' lang='lat' dir='ltr'>vis</span> <span class='ocrx_word' id='word_1_210' title='bbox 440 2354 523 2411; x_wconf 92' lang='lat' dir='ltr'>nobis</span> <span class='ocrx_word' id='word_1_211' title='bbox 538 2355 608 2431; x_wconf 93' lang='lat' dir='ltr'>ipsis</span> <span class='ocrx_word' id='word_1_212' title='bbox 625 2356 719 2413; x_wconf 82' lang='lat' dir='ltr'>adfert</span> <span class='ocrx_word' id='word_1_213' title='bbox 733 2356 792 2412; x_wconf 90' lang='lat' dir='ltr'>vim</span> <span class='ocrx_word' id='word_1_214' title='bbox 809 2363 838 2412; x_wconf 91' lang='lat' dir='ltr'>et</span> <span class='ocrx_word' id='word_1_215' title='bbox 853 2355 977 2412; x_wconf 90' lang='lat' dir='ltr'>celerita-</span> 
     </span>
     <span class='ocr_line' id='line_1_30' title="bbox 137 2431 977 2511; baseline 0.004 -24"><span class='ocrx_word' id='word_1_216' title='bbox 137 2438 204 2488; x_wconf 85' lang='lat' dir='ltr'>tem.</span> <span class='ocrx_word' id='word_1_217' title='bbox 227 2431 256 2488; x_wconf 93' lang='lat' dir='ltr'>N</span> <span class='ocrx_word' id='word_1_218' title='bbox 257 2452 289 2488; x_wconf 91' lang='lat' dir='ltr'>os</span> <span class='ocrx_word' id='word_1_219' title='bbox 303 2452 389 2489; x_wconf 90' lang='lat' dir='ltr'>onera</span> <span class='ocrx_word' id='word_1_220' title='bbox 403 2433 571 2510; x_wconf 88' lang='lat' dir='ltr'>quibusdam</span> <span class='ocrx_word' id='word_1_221' title='bbox 587 2435 694 2506; x_wconf 88' lang='lat' dir='ltr'>bestiis,</span> <span class='ocrx_word' id='word_1_222' title='bbox 706 2455 759 2492; x_wconf 90' lang='lat' dir='ltr'>uos</span> <span class='ocrx_word' id='word_1_223' title='bbox 774 2435 841 2511; x_wconf 88' lang='lat' dir='ltr'>iuga</span> <span class='ocrx_word' id='word_1_224' title='bbox 854 2434 977 2511; x_wconf 89' lang='lat' dir='ltr'>imponi·</span> 
     </span>
     <span class='ocr_line' id='line_1_31' title="bbox 137 2512 978 2588; baseline 0.004 -21"><span class='ocrx_word' id='word_1_225' title='bbox 137 2531 209 2582; x_wconf 89' lang='lat' dir='ltr'>mus,</span> <span class='ocrx_word' id='word_1_226' title='bbox 221 2531 274 2568; x_wconf 87' lang='lat' dir='ltr'>nos</span> <span class='ocrx_word' id='word_1_227' title='bbox 291 2512 508 2588; x_wconf 86' lang='lat' dir='ltr'>elephantorum</span> <span class='ocrx_word' id='word_1_228' title='bbox 525 2515 696 2572; x_wconf 90' lang='lat' dir='ltr'>acutissimis</span> <span class='ocrx_word' id='word_1_229' title='bbox 715 2514 851 2584; x_wconf 87' lang='lat' dir='ltr'>sensibus,</span> <span class='ocrx_word' id='word_1_230' title='bbox 864 2534 916 2571; x_wconf 88' lang='lat' dir='ltr'>nos</span> <span class='ocrx_word' id='word_1_231' title='bbox 936 2533 978 2570; x_wconf 88' lang='lat' dir='ltr'>sa-</span> 
     </span>
     <span class='ocr_line' id='line_1_32' title="bbox 136 2592 976 2668; baseline 0.001 -20"><span class='ocrx_word' id='word_1_232' title='bbox 136 2592 260 2668; x_wconf 85' lang='lat' dir='ltr'>gacitate</span> <span class='ocrx_word' id='word_1_233' title='bbox 274 2611 375 2649; x_wconf 91' lang='lat' dir='ltr'>canum</span> <span class='ocrx_word' id='word_1_234' title='bbox 393 2593 430 2650; x_wconf 91' lang='lat' dir='ltr'>ad</span> <span class='ocrx_word' id='word_1_235' title='bbox 444 2594 598 2652; x_wconf 88' lang='lat' dir='ltr'>utilitatem</span> <span class='ocrx_word' id='word_1_236' title='bbox 615 2601 740 2651; x_wconf 90' lang='lat' dir='ltr'>nostram</span> <span class='ocrx_word' id='word_1_237' title='bbox 758 2594 911 2663; x_wconf 87' lang='lat' dir='ltr'>abutimur,</span> <span class='ocrx_word' id='word_1_238' title='bbox 923 2612 976 2650; x_wconf 92' lang='lat' dir='ltr'>nos</span> 
     </span>
     <span class='ocr_line' id='line_1_33' title="bbox 137 2673 976 2745; baseline 0 -17"><span class='ocrx_word' id='word_1_239' title='bbox 137 2691 153 2728; x_wconf 90' lang='lat' dir='ltr'>c</span> <span class='ocrx_word' id='word_1_240' title='bbox 172 2679 261 2729; x_wconf 87' lang='lat' dir='ltr'>terrae</span> <span class='ocrx_word' id='word_1_241' title='bbox 283 2673 409 2729; x_wconf 90' lang='lat' dir='ltr'>cavernis</span> <span class='ocrx_word' id='word_1_242' title='bbox 427 2674 535 2731; x_wconf 88' lang='lat' dir='ltr'>ferrum</span> <span class='ocrx_word' id='word_1_243' title='bbox 557 2674 692 2745; x_wconf 90' lang='lat' dir='ltr'>elicimus,</span> <span class='ocrx_word' id='word_1_244' title='bbox 705 2693 764 2731; x_wconf 87' lang='lat' dir='ltr'>rem</span> <span class='ocrx_word' id='word_1_245' title='bbox 785 2674 822 2730; x_wconf 83' lang='lat' dir='ltr'>ad</span> <span class='ocrx_word' id='word_1_246' title='bbox 841 2673 976 2730; x_wconf 90' lang='lat' dir='ltr'>colendos</span> 
     </span>
     <span class='ocr_line' id='line_1_34' title="bbox 137 2753 977 2829; baseline 0.002 -23"><span class='ocrx_word' id='word_1_247' title='bbox 137 2770 220 2826; x_wconf 87' lang='lat' dir='ltr'>agros</span> <span class='ocrx_word' id='word_1_248' title='bbox 234 2753 429 2823; x_wconf 84' lang='lat' dir='ltr'>necessariam,</span> <span class='ocrx_word' id='word_1_249' title='bbox 439 2772 492 2809; x_wconf 89' lang='lat' dir='ltr'>nos</span> <span class='ocrx_word' id='word_1_250' title='bbox 507 2754 585 2823; x_wconf 87' lang='lat' dir='ltr'>aeris,</span> <span class='ocrx_word' id='word_1_251' title='bbox 596 2755 714 2829; x_wconf 82' lang='lat' dir='ltr'>argenti,</span> <span class='ocrx_word' id='word_1_252' title='bbox 725 2754 786 2810; x_wconf 90' lang='lat' dir='ltr'>auri</span> <span class='ocrx_word' id='word_1_253' title='bbox 800 2773 885 2810; x_wconf 88' lang='lat' dir='ltr'>venas</span> <span class='ocrx_word' id='word_1_254' title='bbox 899 2753 977 2829; x_wconf 90' lang='lat' dir='ltr'>peni-</span> 
     </span>
     <span class='ocr_line' id='line_1_35' title="bbox 137 2830 977 2909; baseline 0.004 -24"><span class='ocrx_word' id='word_1_255' title='bbox 137 2837 184 2886; x_wconf 89' lang='lat' dir='ltr'>tus</span> <span class='ocrx_word' id='word_1_256' title='bbox 201 2830 312 2888; x_wconf 88' lang='lat' dir='ltr'>abditas</span> <span class='ocrx_word' id='word_1_257' title='bbox 328 2833 489 2890; x_wconf 88' lang='lat' dir='ltr'>invenimus</span> <span class='ocrx_word' id='word_1_258' title='bbox 506 2841 535 2890; x_wconf 88' lang='lat' dir='ltr'>et</span> <span class='ocrx_word' id='word_1_259' title='bbox 552 2834 588 2890; x_wconf 90' lang='lat' dir='ltr'>ad</span> <span class='ocrx_word' id='word_1_260' title='bbox 605 2853 688 2890; x_wconf 89' lang='lat' dir='ltr'>usum</span> <span class='ocrx_word' id='word_1_261' title='bbox 705 2840 786 2909; x_wconf 90' lang='lat' dir='ltr'>aptas</span> <span class='ocrx_word' id='word_1_262' title='bbox 803 2839 832 2890; x_wconf 86' lang='lat' dir='ltr'>et</span> <span class='ocrx_word' id='word_1_263' title='bbox 846 2833 883 2889; x_wconf 90' lang='lat' dir='ltr'>ad</span> <span class='ocrx_word' id='word_1_264' title='bbox 897 2851 977 2888; x_wconf 90' lang='lat' dir='ltr'>orna-</span> 
     </span>
     <span class='ocr_line' id='line_1_36' title="bbox 138 2910 976 2988; baseline 0.006 -25"><span class='ocrx_word' id='word_1_265' title='bbox 138 2914 200 2964; x_wconf 91' lang='lat' dir='ltr'>tum</span> <span class='ocrx_word' id='word_1_266' title='bbox 222 2910 345 2983; x_wconf 71' lang='lat' dir='ltr'>decoras</span> <span class='ocrx_word' id='word_1_267' title='bbox 361 2912 493 2969; x_wconf 90' lang='lat' dir='ltr'>arborum</span> <span class='ocrx_word' id='word_1_268' title='bbox 519 2920 615 2969; x_wconf 90' lang='lat' dir='ltr'>autem</span> <span class='ocrx_word' id='word_1_269' title='bbox 640 2912 819 2969; x_wconf 89' lang='lat' dir='ltr'>consectioue</span> <span class='ocrx_word' id='word_1_270' title='bbox 840 2912 976 2988; x_wconf 90' lang='lat' dir='ltr'>omnique</span> 
     </span>
     <span class='ocr_line' id='line_1_37' title="bbox 137 2989 976 3068; baseline 0.006 -26"><span class='ocrx_word' id='word_1_271' title='bbox 137 2989 257 3045; x_wconf 87' lang='lat' dir='ltr'>materia</span> <span class='ocrx_word' id='word_1_272' title='bbox 273 2998 302 3047; x_wconf 92' lang='lat' dir='ltr'>et</span> <span class='ocrx_word' id='word_1_273' title='bbox 319 2992 395 3048; x_wconf 90' lang='lat' dir='ltr'>culta</span> <span class='ocrx_word' id='word_1_274' title='bbox 412 3001 441 3048; x_wconf 91' lang='lat' dir='ltr'>et</span> <span class='ocrx_word' id='word_1_275' title='bbox 458 2992 578 3049; x_wconf 87' lang='lat' dir='ltr'>silvestri</span> <span class='ocrx_word' id='word_1_276' title='bbox 592 2992 697 3068; x_wconf 88' lang='lat' dir='ltr'>partim</span> <span class='ocrx_word' id='word_1_277' title='bbox 715 2991 752 3047; x_wconf 91' lang='lat' dir='ltr'>ad</span> <span class='ocrx_word' id='word_1_278' title='bbox 768 2991 976 3047; x_wconf 86' lang='lat' dir='ltr'>calfaciendum</span> 
     </span>
     <span class='ocr_line' id='line_1_38' title="bbox 138 3069 977 3146; baseline 0.005 -24"><span class='ocrx_word' id='word_1_279' title='bbox 138 3085 241 3141; x_wconf 89' lang='lat' dir='ltr'>corpus</span> <span class='ocrx_word' id='word_1_280' title='bbox 262 3069 322 3144; x_wconf 83' lang='lat' dir='ltr'>igni</span> <span class='ocrx_word' id='word_1_281' title='bbox 339 3070 470 3127; x_wconf 87' lang='lat' dir='ltr'>adhibito</span> <span class='ocrx_word' id='word_1_282' title='bbox 492 3072 574 3128; x_wconf 87' lang='lat' dir='ltr'>etad</span> <span class='ocrx_word' id='word_1_283' title='bbox 591 3070 782 3146; x_wconf 87' lang='lat' dir='ltr'>mitigandum</span> <span class='ocrx_word' id='word_1_284' title='bbox 804 3071 901 3127; x_wconf 89' lang='lat' dir='ltr'>cibum</span> <span class='ocrx_word' id='word_1_285' title='bbox 921 3070 977 3127; x_wconf 91' lang='lat' dir='ltr'>uti·</span> 
     </span>
     <span class='ocr_line' id='line_1_39' title="bbox 138 3148 977 3225; baseline 0.007 -25"><span class='ocrx_word' id='word_1_286' title='bbox 138 3163 211 3215; x_wconf 87' lang='lat' dir='ltr'>mur,</span> <span class='ocrx_word' id='word_1_287' title='bbox 223 3148 327 3221; x_wconf 90' lang='lat' dir='ltr'>partim</span> <span class='ocrx_word' id='word_1_288' title='bbox 342 3149 379 3205; x_wconf 82' lang='lat' dir='ltr'>ad</span> <span class='ocrx_word' id='word_1_289' title='bbox 393 3150 609 3221; x_wconf 90' lang='lat' dir='ltr'>aedificandum,</span> <span class='ocrx_word' id='word_1_290' title='bbox 620 3155 653 3206; x_wconf 90' lang='lat' dir='ltr'>ut</span> <span class='ocrx_word' id='word_1_291' title='bbox 665 3149 749 3206; x_wconf 85' lang='lat' dir='ltr'>tectis</span> <span class='ocrx_word' id='word_1_292' title='bbox 763 3149 854 3225; x_wconf 89' lang='lat' dir='ltr'>saepti</span> <span class='ocrx_word' id='word_1_293' title='bbox 868 3149 977 3224; x_wconf 88' lang='lat' dir='ltr'>frigora</span> 
     </span>
    </p>
   </div>
   <div class='ocr_carea' id='block_1_3' title="bbox 0 0 1134 3436">
    <p class='ocr_par' dir='ltr' id='par_1_3' title="bbox 0 0 1134 3436">
     <span class='ocr_line' id='line_1_40' title="bbox 0 0 1134 3436; baseline 0 0"><span class='ocrx_word' id='word_1_294' title='bbox 0 0 1134 3436; x_wconf 95' lang='lat' dir='ltr'> </span> 
     </span>
    </p>
   </div>
  </div>
 </body>
</html>
