2242 3436
267 531 272 534 .
330 483 374 546 nr.
396 483 544 546 runnu
572 482 807 545 oronnours

212 647 296 728 DE
328 646 605 728 NATURA
633 645 923 727 DEORUM

421 817 477 892 ll)
496 817 537 892 ll.
556 817 721 894 rnnrnh

348 981 513 1044 arnna
542 983 789 1046 nnnrrns

417 1217 721 1269 ARGUMENTUM.

181 1317 238 1366 Hoc
251 1315 314 1364 libro
328 1315 468 1365 continetur
480 1317 570 1366 Cottae
581 1317 728 1366 Academici
738 1325 826 1366 contra
837 1317 946 1366 Stoicam
961 1317 991 1366 de

146 1382 187 1430 dis
202 1381 322 1430 rationem
336 1381 478 1444 disputatio.
516 1383 562 1443 Ea,
574 1391 602 1430 ut
615 1383 740 1445 superiore
752 1383 821 1443 libro,
833 1384 859 1430 iu
873 1394 992 1446 quattuor

147 1457 231 1510 partes
242 1447 374 1495 distributa
386 1457 432 1496 est.
469 1447 535 1496 Nam
547 1449 682 1510 praemisso
693 1449 820 1510 prooemio
831 1448 911 1510 prima
922 1459 992 1510 parte

148 1514 190 1562 ille
204 1512 343 1575 respondet,
354 1527 407 1574 cap.
420 1515 477 1572 3-7,
489 1511 503 1572 ξ
516 1515 589 1576 6-19,
601 1512 634 1562 ad
645 1528 683 1574 ea,
692 1514 781 1576 quibus
794 1514 890 1562 Balbus
903 1513 992 1562 docere

147 1579 260 1627 voluerat
271 1593 326 1626 esse
338 1577 406 1627 deos.
443 1579 483 1627 Ao
496 1578 576 1641 primo
590 1577 692 1641 quidem
704 1579 746 1640 ita,
758 1587 785 1627 ut
796 1578 912 1628 ostendat
923 1593 993 1641 prae·

148 1654 188 1692 ter
199 1659 252 1692 rem
263 1644 415 1703 argumentis
426 1657 481 1691 eam
492 1652 588 1705 partem
598 1643 701 1692 rationis
710 1645 808 1694 Stoicae
817 1644 991 1694 confirmatam

147 1724 211 1770 esse,
222 1709 243 1758 si
257 1707 358 1772 quidem
372 1723 458 1757 verum
472 1709 511 1768 sit,
525 1708 593 1772 quod
605 1708 682 1758 Stoici
695 1708 788 1770 dicant,
798 1725 853 1758 esse
866 1707 934 1770 deos,
945 1725 992 1759 nec
1033 1751 1035 1756 .

146 1790 222 1835 egere
234 1775 346 1822 oratioue
359 1789 419 1834 reru,
431 1774 497 1836 quod
509 1772 541 1822 sit
552 1774 688 1836 perspicua,
699 1783 729 1822 nt
739 1775 804 1824 iuter
817 1790 903 1824 omues
917 1777 949 1825 de
962 1792 993 1825 ea

147 1855 175 1888 re
189 1849 293 1900 constet,
303 1839 394 1888 deiude
407 1841 459 1900 agit
472 1840 504 1888 de
517 1848 663 1899 argumento
676 1855 693 1887 a
705 1839 857 1889 divinatione
868 1842 953 1904 petito,
966 1850 992 1891 et

148 1906 278 1955 Cleanthis
289 1913 314 1953 et
326 1905 456 1968 Chrysippi
465 1913 612 1966 argumenta
620 1905 726 1954 breviter
734 1907 898 1968 reprehendit,
906 1923 992 1970 qnam-

146 1986 225 2034 quam
238 1986 269 2020 ea
281 1985 338 2032 pars
352 1985 400 2018 non
415 1971 511 2030 integra
522 1970 556 2018 ad
569 1984 614 2018 uos
628 1971 747 2032 pervenit.
784 1972 898 2022 &cunda
911 1983 989 2036 parte,

147 2051 202 2099 cap.
215 2039 288 2095 8-25,
300 2034 314 2093 ξ
327 2038 414 2096 19-65,
425 2036 510 2083 omuia
521 2051 551 2083 ea
559 2035 745 2098 impugnantur,
757 2045 821 2100 qnae
832 2037 864 2086 de
873 2038 913 2086 dis
922 2039 989 2101 ipsis,

147 2100 233 2165 quales
249 2109 338 2160 esseut,
353 2101 480 2163 disputata
496 2108 574 2150 eraut.
610 2102 699 2166 Itaque
712 2101 792 2165 primo
805 2117 856 2150 nou
873 2118 904 2152 ea
919 2119 992 2165 argu-

148 2175 234 2215 menta
243 2167 324 2214 solum
335 2166 455 2226 dissolvit,
467 2166 557 2228 quibus
566 2167 666 2228 mundo,
676 2167 731 2230 soli,
741 2167 813 2217 lunae
822 2168 993 2232 sideribusque

146 2233 264 2280 divinitas
276 2231 400 2279 uindicata
409 2240 472 2292 erat,
484 2232 528 2280 sed
537 2233 615 2280 etiam
625 2247 657 2282 ea
666 2234 751 2295 opinio
761 2248 836 2297 quarn
844 2235 951 2284 absurda
960 2236 992 2284 sit

147 2297 258 2360 pluribus
274 2296 427 2357 argumentis
443 2296 612 2346 demonstrat:
637 2313 744 2361 quorum
759 2298 831 2347 facile
847 2300 991 2362 primarium

148 2362 210 2410 illud
225 2369 271 2422 est,
283 2377 332 2424 quo
352 2361 494 2411 Carneades
511 2363 548 2410 uti
564 2362 659 2411 solebat
674 2371 761 2411 contra
777 2363 882 2425 Stoicos,
895 2365 993 2414 nullum

148 2442 230 2489 neque
243 2442 333 2490 corpus
345 2442 425 2490 neque
436 2427 537 2488 animal,
549 2429 615 2492 qnod
627 2428 754 2490 patibilem
765 2435 880 2476 naturam
892 2429 989 2490 habeat,

147 2493 290 2541 immortale
309 2502 335 2541 et
351 2503 481 2542 aeteruum
497 2507 552 2541 esse
568 2507 647 2554 posse,
661 2491 848 2540 immortalitate
867 2503 951 2542 autem
967 2491 994 2542 et

147 2558 296 2606 aeternitate
313 2558 410 2606 sublata
426 2559 506 2621 ipsam
523 2557 678 2606 divinitatem
696 2557 757 2606 tolli.
798 2558 898 2606 Deinde
915 2559 992 2621 poeti-

147 2638 192 2671 cos
205 2623 264 2671 deos
277 2632 303 2672 et
314 2638 376 2686 quos
390 2624 458 2686 plebs
472 2623 642 2686 superstitiosa
656 2623 828 2683 venerabatur,
842 2627 993 2686 σωρειτικαῖς

147 2687 286 2751 ἐρωτήσεσι,
299 2690 388 2751 quibus
402 2689 545 2738 Carneades
559 2688 585 2735 in
597 2688 644 2735 hac
657 2687 824 2748 disputatione
837 2688 875 2735 uti
888 2688 990 2744 solebat,

148 2753 253 2816 aliisque
270 2754 422 2814 argumentis
439 2754 511 2803 tollit.
547 2753 634 2800 Tertia
650 2762 734 2801 autem
747 2767 804 2814 pars
820 2752 993 2814 disputationis

147 2835 206 2867 cum
217 2821 329 2882 partibus
342 2819 438 2868 duabus
450 2827 554 2882 quartae
564 2818 696 2866 intercidit.
733 2817 799 2866 Nam
811 2827 900 2881 quarta
911 2819 992 2880 dispu-

148 2885 251 2932 tationis
265 2886 363 2934 Stoicae
377 2901 440 2946 pars,
451 2899 515 2946 qnae
529 2884 588 2932 deos
599 2882 735 2946 providisse
748 2892 773 2930 et
787 2883 938 2932 consuluisse
950 2885 993 2931 ho-

149 2951 259 2998 miuibus
269 2951 435 2998 contendebat
443 2959 561 3012 quattuor
571 2948 725 3008 argumentis
733 2949 866 3009 nitebatur,
878 2949 942 2998 conf.
954 2965 993 2997 ar-

149 3025 305 3074 gumentum,
318 3015 359 3064 lib.
371 3016 407 3063 Il.
420 3026 498 3062 extu:
516 3014 605 3061 horum
619 3013 727 3060 sccurmo
740 3023 765 3061 et
776 3023 866 3076 quarto
877 3029 942 3076 quae
956 3029 994 3062 re-

149 3081 279 3142 spondisse
291 3081 366 3130 Cotta
374 3081 485 3140 lingitur,
495 3093 525 3126 ea
537 3077 589 3126 sola
597 3085 748 3138 manserunt,
758 3093 811 3140 cap.
823 3081 911 3140 26-40,
921 3078 934 3136 ᾗ
945 3081 994 3126 66-

149 3147 192 3194 95.
228 3145 345 3195 Ostendit
366 3146 432 3193 euim
449 3145 539 3207 primo,
554 3142 644 3204 quibus
661 3143 733 3189 rebus
749 3143 889 3192 hominibus
906 3158 994 3192 cousu-

150 3210 226 3259 luisse
239 3211 266 3259 di
278 3211 401 3272 dicautur,
411 3224 455 3258 eas
468 3209 606 3272 plerasque,
619 3206 646 3254 in
660 3207 745 3269 pu'mis
759 3209 889 3270 rationem,
903 3209 936 3256 ad
949 3209 994 3257 ho·
