2224 3446
237 85 239 89 *
256 94 324 142 LIB.
341 93 481 154 11.,0AP.
497 93 879 156 LXV11.-Lxx.,§1sa-145.
940 97 989 146 247

153 214 225 272 quae
239 201 283 252 cst
296 195 474 252 continuatio
485 194 704 272 coniunctioque
715 203 840 266 naturae,
853 215 947 273 quam,
957 203 990 254 ut

153 275 221 346 dixi,
237 281 340 331 vocant
357 275 539 348 συμπάθειαν,
554 274 614 332 eius
634 275 721 346 modi,
737 282 770 332 ut
786 274 935 332 thesaurus
955 295 990 334 ex

153 374 208 411 ovo
232 353 360 429 intellegi
381 353 501 412 dcbcatl
541 353 617 410 Nam
636 355 742 413 medici
762 374 797 412 ex
818 354 990 430 quibusdam

153 434 236 492 rebus
258 440 288 491 et
309 434 491 492 advenientes
513 440 543 492 et
564 440 720 492 crescentes
742 433 859 492 morbos
883 434 990 493 intelle-

152 519 233 590 gunt,
244 532 303 570 nou
317 512 408 570 nullas
425 513 512 570 etiam
529 513 699 571 valetudinis
715 512 945 589 significationes,
957 521 990 571 ut

152 593 207 650 hoc
222 594 326 669 ipsum,
339 592 441 670 “pleni
451 593 580 650 enectine
595 592 709 664 sirnus,’'
722 612 756 650 ox
771 592 896 668 quodam
906 612 991 670 gene·

152 693 181 730 re
192 673 369 730 somniorum
380 672 508 748 intellegi
515 692 599 749 posse
608 673 715 730 dicunt.
754 671 914 730 Thesaurus
922 692 989 730 vero

151 759 182 809 et
194 752 337 810 hereditas
347 759 376 810 ct
386 752 479 809 honor
489 759 518 810 et
528 753 647 810 victoria
658 759 687 810 et
697 751 788 808 multa
797 752 908 828 generis
919 753 990 810 eius

152 831 217 889 dem
233 851 289 908 qua
299 851 364 889 cum
376 833 494 890 somniis
504 831 625 889 naturali
635 831 806 908 cognatione
816 831 989 907 iungunturl

90 931 101 936 -
153 917 218 969 143.
240 911 355 969 Dicitur
374 911 499 989 quidam,
515 931 580 970 cum
597 912 627 967 in
645 912 753 968 somnis
769 911 920 988 complexu
933 911 990 969 Ve-

151 991 230 1048 nerio
245 991 416 1068 iungeretur,
427 990 549 1048 calculos
563 991 683 1048 eiecisse.
723 990 818 1048 Video
833 990 989 1068 sympathi-

151 1089 212 1128 am:
234 1071 327 1128 visum
344 1077 387 1128 cst
404 1071 480 1128 enim
494 1071 550 1128 tale
567 1070 712 1128 obiectum
726 1069 889 1141 dormienti,
902 1078 934 1128 ut
948 1071 987 1142 id,

152 1150 229 1226 quod
244 1151 346 1222 evenit,
358 1158 475 1208 naturae
489 1151 539 1221 vis,
552 1170 610 1208 non
625 1149 724 1228 opinio
739 1150 840 1207 erroris
854 1151 986 1209 effecerit.

152 1231 231 1298 Quae
244 1230 333 1306 igitur
346 1237 447 1288 natura
461 1230 566 1288 obtulit
579 1229 657 1288 iham
672 1230 795 1307 speciem
810 1229 989 1301 Simonidis

143 1315 208 1386 'qua
221 1317 363 1369 vetaretur
377 1311 524 1386 navigaret
544 1317 594 1368 aut
608 1310 678 1387 quid
692 1317 809 1368 naturae
823 1310 987 1386 copulatum

151 1389 252 1447 habuit
265 1390 424 1447 Alcibiadis
438 1390 516 1483 quod
530 1389 627 1448 scribit
615 1398 662 1448 tur
676 1389 836 1448 somniuml
858 1390 906 1466 qui
920 1409 988 1466 pau·

150 1469 179 1526 lo
200 1476 266 1527 ante
286 1470 434 1528 interitum
455 1470 531 1527 visus
552 1471 623 1528 est
615 1489 645 1526 ru
669 1470 776 1526 somnis
798 1469 905 1527 amicae
927 1489 987 1527 esse

151 1550 415 1608 amictamiculo.us
458 1549 566 1607 Iseum
581 1558 654 1607 esset
668 1550 763 1626 proiec
765 1556 811 1606 tus
765 1549 953 1606 tinhumat
941 1557 987 1606 tus

151 1629 187 1686 ab
208 1629 397 1706 omnibusque
418 1629 545 1688 desertus
565 1630 676 1700 iaceret,
693 1630 784 1686 amica
804 1648 906 1705 corpus
927 1629 987 1687 eius

150 1709 224 1768 texit
237 1729 289 1768 suo
303 1710 397 1786 pallio.
436 1709 512 1785 Ergo
527 1709 582 1767 hoc
596 1711 687 1766 inerat
697 1711 727 1766 iu
742 1709 825 1766 rebus
838 1709 944 1766 futuris
958 1717 987 1767 et

151 1809 249 1847 causas
269 1789 410 1846 naturales
432 1788 574 1848 habebat?
595 1809 631 1846 au
654 1796 683 1848 et
701 1795 734 1846 ut
750 1789 893 1849 videretur
909 1794 938 1846 et
954 1796 987 1846 ut

151 1870 276 1928 eveniret
290 1888 370 1926 casus
384 1869 495 1926 effecitl

191 1948 282 2007 LXX.
327 1953 391 2005 144.
414 1948 509 2017 Quies
529 1947 657 2025 ipsorum
674 1948 862 2025 interpretum
879 1947 988 2006 coniec-

150 2033 229 2086 turae
251 2046 347 2084 nonnc
367 2029 459 2104 magis
479 2029 594 2105 ingenia
618 2029 761 2086 declarant
781 2048 880 2086 eorum
902 2047 988 2106 quam

150 2108 209 2164 vim
233 2125 459 2184 consensumque
482 2109 618 2166 naturaei
661 2106 768 2165 Cursor
791 2109 828 2165 ad
852 2107 988 2185 Olympia

150 2186 292 2264 proficisci
308 2188 438 2264 cogitans
454 2187 530 2244 visus
547 2190 636 2244 estin
654 2189 761 2244 somnis
778 2207 860 2245 curru
877 2188 988 2266 quadri-

150 2285 249 2343 garum
266 2266 340 2325 vehi.
383 2266 467 2324 Mane
483 2267 520 2324 ad
536 2267 734 2324 coniectorem.
776 2267 819 2324 At
834 2267 898 2324 ille:
916 2267 987 2325 Vin·

150 2365 204 2416 eae,
217 2346 319 2422 inquit.
361 2345 396 2404 Id
414 2347 491 2403 enim
507 2345 634 2404 celeritas
648 2345 790 2422 significat
805 2351 833 2403 et
847 2347 889 2402 vis
903 2365 987 2422 equo

150 2445 221 2483 rum.
260 2425 332 2482 Post
345 2424 422 2483 idem
437 2425 473 2482 ad
487 2424 707 2501 Antiphontem.
747 2424 775 2481 Is
786 2431 898 2482 autem:
916 2425 987 2484 Vin-

150 2524 220 2576 cere,
233 2505 335 2582 inquit,
347 2525 460 2563 necesse
475 2513 525 2563 est.
567 2504 616 2560 An
631 2523 688 2560 non
700 2504 841 2580 intellegis
853 2512 988 2582 quattuor

150 2591 216 2642 aute
230 2592 259 2641 te
273 2585 445 2642 cucurrisset
485 2585 558 2642 Ecce
569 2583 641 2641 alius
651 2591 873 2660 cursor-atque
883 2584 987 2641 horum

150 2667 327 2722 somniorum
341 2672 370 2722 et
384 2664 484 2722 talium
500 2664 598 2740 plenus
613 2670 656 2722 est
670 2663 825 2739 Chrysippi
840 2663 918 2733 liber,
931 2663 988 2740 ple-

149 2762 204 2800 nus
220 2743 383 2820 Antipatri:
406 2745 456 2802 sed
469 2745 506 2802 ad
520 2763 663 2802 cursorem
679 2744 780 2800 redeo:
802 2743 839 2800 ad
853 2743 988 2818 interpre-

150 2831 208 2880 tem
224 2823 326 2881 detulit
340 2824 463 2900 aquilam
478 2843 507 2882 se
521 2825 551 2880 in
566 2824 673 2880 somnis
688 2824 780 2879 visum
795 2841 854 2878 esse
867 2822 928 2878 fact
916 2829 985 2879 tum.

149 2903 191 2960 At
205 2902 268 2961 ille:
286 2903 399 2961 Vicisti.
438 2903 498 2960 Ista
512 2904 588 2960 enim
603 2922 648 2959 am
639 2902 738 2960 volat
752 2900 988 2958 nullavchemen-

149 2983 214 3039 tius
257 2982 335 3040 Huic
350 2983 466 3060 quidem
479 2982 649 3060 Antiphon:
667 2981 866 3058 Bar0‚1nqu1
879 2981 987 3037 victum

149 3068 179 3118 te
200 3081 259 3120 csso
280 3082 338 3120 uon
360 3063 457 3120 videsl
497 3062 556 3120 Ista
576 3062 654 3119 enim
675 3062 734 3118 avis
755 3062 898 3118 insectans
920 3059 987 3116 alias

150 3160 215 3199 aves
229 3148 258 3200 et
272 3143 383 3218 agitans
397 3161 508 3219 semper
522 3142 584 3218 ipsa
597 3148 741 3218 postrema
757 3139 987 3200 cst.1t45.Pa-
