2242 3436
257 142 326 192 LlB.
343 141 469 203 1.,cnP.
485 143 860 207 XXV111.-xxx.‚§59e4.
931 151 977 197 169

134 242 275 300 bonarum
305 243 513 318 cogitationum
541 244 641 320 epulis,
667 265 756 322 eaque
780 254 861 322 parte
889 248 978 306 animi

135 343 208 401 quae
223 322 369 400 voluptate
383 323 476 394 alitur,
488 343 541 380 nec
556 325 654 401 inopia
668 333 767 382 enecta
780 345 833 383 uec
848 327 978 385 satietate

134 402 447 479 adfluenti-quorum
476 410 630 481 utrumque
653 406 860 482 praestringere
887 407 986 476 aciem

134 483 240 540 mentis
258 482 338 554 solet,
352 483 410 540 sive
427 482 508 540 deest
522 490 638 541 naturae
654 485 801 562 quippiam
818 486 877 543 sive
891 486 978 544 abun-

134 562 185 620 dat
206 569 292 639 atque
313 561 503 619 adfluit-illa
524 564 610 620 ctiam
631 565 715 622 tertia
734 572 816 642 parte
835 566 931 637 animi,
947 567 978 624 in

134 661 192 718 qua
204 641 311 700 irarum
326 642 438 699 exsistit
449 642 540 713 ardor,
554 643 651 701 sedata
665 651 750 721 atque
761 646 904 717 restincta,
914 654 976 703 turn

133 721 247 779 eveniet
263 721 374 779 duabus
390 720 480 778 animi
494 724 651 780 temerariis
665 724 794 801 partibus
809 727 978 803 compressis

133 808 167 859 ut
183 801 233 858 illa
248 803 334 858 tertia
347 821 413 877 pars
430 802 548 859 rationis
563 810 591 860 et
604 805 710 861 mentis
725 804 833 862 eluceat
847 813 876 862 et
890 825 920 863 se
933 826 979 863 ve·

133 887 230 957 getam
241 881 278 937 ad
289 882 490 939 somniandum
500 901 650 960 acremque
659 884 801 960 praebeat,
811 891 874 942 turn
884 887 908 943 ei
918 886 979 942 visa

134 961 240 1037 quietis
265 967 414 1018 occurrent
435 962 588 1038 tranquilla
610 970 696 1040 atque
720 964 856 1023 veracia.'’
897 965 978 1022 Haec

133 1039 220 1097 verba
234 1040 296 1118 ipsa
307 1040 436 1098 Platonis
447 1043 579 1117 expressi.
618 1043 716 1101 XXX.
757 1050 802 1102 62.
822 1043 978 1121 Epicurum
1063 1110 1065 1112 ¹

133 1119 224 1196 igitur
248 1120 397 1178 audiemus
420 1122 536 1198 potiusl
577 1122 709 1200 Namque
734 1123 894 1182 Carneades
913 1145 979 1182 con-

134 1200 300 1258 certationis
314 1201 410 1258 studio
424 1202 513 1259 modo
528 1203 569 1258 ait
582 1202 747 1273 hoc,1nodo
762 1203 840 1262 illud.
875 1204 917 1261 At
931 1203 978 1261 ille

135 1279 207 1357 quid
228 1281 331 1337 sentitl
372 1280 467 1338 Sentit
495 1289 591 1339 autem
612 1282 685 1339 nihil
705 1302 843 1360 umquam
864 1283 979 1360 elegans

135 1359 208 1416 nihil
220 1360 363 1418 decorum.
406 1361 493 1418 Hunc
508 1380 576 1437 ergo
591 1369 747 1438 antepones
762 1361 877 1420 Platoni
889 1372 918 1420 et
929 1364 979 1421 So-

135 1439 225 1497 cratil
246 1440 296 1517 qui
310 1447 343 1497 ut
356 1441 496 1497 rationem
511 1460 569 1498 non
584 1442 743 1513 redderent,
756 1443 878 1500 auctorit
896 1450 924 1500 tc
939 1451 979 1500 ta-

135 1539 201 1577 men
219 1519 272 1576 hos
289 1520 416 1577 minutos
430 1520 619 1597 philosophos
633 1522 785 1579 vincerent.
829 1522 914 1580 Iubet
928 1523 979 1599 igi-

135 1607 183 1656 tur
196 1599 281 1656 Plato
296 1601 336 1657 sic
350 1599 387 1656 ad
402 1619 533 1657 somnum
549 1601 691 1678 proficisci
705 1601 872 1678 corporibus
886 1603 980 1660 adfec-

135 1680 181 1750 tis,
193 1686 226 1737 ut
240 1679 311 1736 nihil
326 1680 363 1737 sit
378 1680 455 1756 quod
470 1700 593 1738 errorem
608 1681 711 1738 animis
725 1681 979 1758 perturbationem-

137 1778 191 1836 que
206 1759 324 1816 adferat.
364 1759 406 1816 Ex
422 1779 479 1837 quo
494 1761 579 1817 etiam
592 1761 783 1838 Pythagoreis
794 1762 978 1820 interdictum

135 1847 256 1916 putatur
272 1859 307 1897 ne
324 1839 392 1897 faba
406 1848 592 1911 vescerentur,
605 1841 682 1918 quod
697 1840 784 1899 habet
799 1841 978 1900 inflationem

135 1939 270 1997 magnam
285 1920 310 1976 is
324 1919 404 1977 cibus
415 1920 614 1996 tranquillitati
626 1922 730 1979 mentis
742 1923 903 1999 quaerentis
914 1942 980 1980 vora

136 1999 315 2057 contrariam.
355 2005 401 2058 63.
420 1998 494 2056 Cum
509 2019 577 2076 ergo
592 2008 635 2058 est
649 2020 750 2059 somno
763 2010 910 2060 sevocatus
921 2004 980 2060 aul-

135 2099 201 2136 mus
215 2098 231 2136 a
245 2079 380 2137 societate
398 2087 426 2138 et
440 2099 457 2136 a
471 2081 642 2156 contagione
656 2082 791 2158 corporis
804 2089 866 2140 tum
881 2084 980 2141 memi-

136 2160 181 2217 nit
194 2159 421 2236 praeteritorum,
434 2161 594 2236 praesentia
604 2162 702 2232 cernit,
715 2162 813 2218 futura
823 2163 978 2240 praevidet.

115 2255 117 2260 '
137 2239 215 2297 lacet
229 2240 305 2296 enim
321 2259 425 2316 corpus
439 2239 609 2297 dormientis
623 2248 656 2298 ut
666 2242 781 2312 mortui,
794 2243 872 2318 viget
883 2250 979 2300 autem

136 2327 166 2377 et
180 2320 252 2377 vivit
266 2319 384 2376 animus.
420 2317 505 2388 Quod
519 2320 611 2377 multo
626 2321 718 2395 magis
731 2320 819 2379 faciet
829 2329 896 2398 post
906 2342 980 2380 mor·

136 2408 205 2471 tem,
218 2418 283 2457 cum
298 2400 417 2456 omnino
432 2419 550 2476 corpore
565 2401 722 2458 excesserit.
765 2400 866 2478 Itaque
877 2421 981 2478 appro-

136 2480 296 2557 pinquante
312 2485 405 2536 morte
422 2479 517 2536 multo
528 2487 572 2537 est
586 2480 717 2538 divinior.
760 2479 836 2537 Nam
851 2489 880 2538 et
894 2482 923 2539 id
940 2483 981 2559 ip-

137 2579 200 2617 sum
215 2559 322 2630 vident,
335 2559 385 2636 qui
399 2566 466 2616 sunt
480 2559 581 2617 morbo
592 2560 672 2638 gravi
683 2566 712 2617 et
721 2560 872 2617 mortifero
887 2560 981 2618 adiee-

137 2640 168 2710 ti,
181 2639 287 2696 instare
300 2646 432 2697 mortem.
475 2639 575 2716 ltaque
589 2640 635 2697 his
649 2647 802 2698 occurrunt
812 2640 980 2718 plerumque

137 2719 278 2796 imagines
294 2726 483 2790 mortuorum,
493 2727 613 2797 tumque
629 2721 673 2778 vel
690 2721 814 2778 maximo
831 2720 910 2778 laudi
924 2729 981 2778 stu-

137 2799 341 2875 dentemque,
355 2799 404 2876 qui
418 2819 498 2856 secus
516 2817 600 2877 quam
618 2800 715 2858 decuit
732 2801 872 2871 vixerunt,
884 2820 981 2877 pecca-

136 2885 233 2936 torum
249 2898 363 2936 suorum
378 2886 441 2936 tum
455 2881 579 2938 maxime
594 2881 731 2957 poenitet.
775 2886 820 2939 64.
843 2879 980 2938 Divinare

137 2966 234 3016 autern
251 2959 406 3016 morientes
421 2959 469 3016 illo
487 2961 572 3016 etiam
591 2961 722 3038 exemplo
736 2959 887 3019 confirmat
901 2960 980 3018 Posi-

137 3039 250 3110 donius,
270 3058 326 3116 quo
348 3039 442 3097 adfert
462 3039 609 3097 Rhodium
642 3042 784 3111 quendam
809 3043 979 3100 morientem

137 3139 186 3177 sex
202 3119 332 3195 aequales
345 3121 507 3177 nominasse
522 3126 551 3177 et
565 3120 670 3178 dixisse
685 3122 734 3198 qui
748 3123 857 3198 primus
872 3140 978 3191 eorum,

78 3247 91 3274 ,
138 3199 188 3277 qui
210 3199 359 3271 secundus,
375 3201 424 3276 qui
445 3200 549 3258 deinde
571 3201 705 3274 deinceps
722 3202 877 3288 moriturus
898 3208 975 3260 esset
1028 3201 1030 3206 ’
