2242 3436
148 115 194 162 168
406 112 456 160 ΒΕ
475 111 726 161 DIVINATIONE.

146 211 301 269 dormitare
315 211 450 288 coepisse.
485 211 594 288 ltaque,
608 230 782 288 quamquam
796 211 850 268 iter
861 211 991 282 instaret,

147 299 175 349 te
196 298 292 349 tamen
314 289 457 348 silentium
480 290 541 348 ficri
558 291 672 349 iussisse
688 310 781 368 neque
798 310 856 348 csse
873 310 993 368 passum

147 380 176 429 te
190 372 322 429 excitari:
340 390 406 428 cum
421 378 516 428 autem
531 378 710 447 experrectus
725 390 798 428 esses
810 371 880 428 hora
893 390 994 428 seeun-

147 453 307 523 deserete
322 450 377 508 sibi
391 451 535 507 somnium
550 450 721 508 narravisse:
743 451 835 507 visum
850 450 905 508 tibi
920 470 992 521 esse,

147 552 213 589 curn
231 533 260 589 in
278 531 347 588 locis
368 531 436 588 solis
456 537 582 588 maestus
602 549 716 601 errares,
735 530 766 588 O.
784 530 906 587 Marium
924 549 994 587 cum

147 611 273 669 fascibus
293 611 425 669 laureatis
447 629 579 688 quaerere
600 629 635 667 ex
655 617 685 668 te
706 610 776 688 quid
797 610 887 667 tristis
905 629 992 680 esses,

148 711 271 768 cumque
285 698 318 748 tu
331 697 360 748 te
377 691 469 767 patria
483 690 511 748 vi
525 690 640 767 pulsum
658 709 717 748 esse
732 689 859 761 dixisses,
871 689 995 766 prehen-

148 772 223 828 disse
241 790 306 828 eum
324 770 470 828 dexteram
486 777 566 834 tuam
583 777 612 826 et
626 769 703 826 bono
721 770 817 826 animo
831 776 861 827 te
875 769 994 826 iussisse

149 871 209 908 csse
223 851 372 928 lictorique
383 850 515 927 proximo
530 849 688 920 tradidisse,
699 857 732 907 ut
742 856 771 908 te
782 849 812 906 in
822 868 995 906 mouumen-

148 937 215 988 tum'
236 950 319 988 suum
344 930 505 996 deduceret,
521 937 550 986 ct
572 929 676 986 dixisse
695 930 724 986 in
747 948 781 986 eo
798 929 852 987 tibi
869 929 993 987 salutern

148 1011 219 1068 fore.
261 1010 336 1067 Tum
354 1018 383 1068 et
400 1029 435 1066 sc.
446 1009 616 1068 exclamasse
633 1008 783 1066 Sallustius
803 1016 899 1066 narrat
919 1009 994 1066 redi-

148 1098 211 1147 tum
229 1090 282 1147 tibi
299 1090 418 1148 celerem
437 1097 466 1146 et
481 1089 639 1165 gloriosum
655 1096 787 1165 paratum
804 1095 833 1146 et
848 1095 878 1146 te
895 1089 992 1165 ipsum

149 1170 242 1226 visum
257 1171 368 1227 somnio
382 1169 524 1227 delectari.
568 1169 643 1225 Nam
657 1169 729 1226 illud
742 1168 882 1245 mihiipsi
896 1167 994 1226 celeri·

149 1256 192 1306 ter
206 1249 369 1307 nuntiatum
384 1257 435 1320 cst,
446 1257 480 1306 ut
494 1249 649 1306 audivisses
663 1250 693 1305 in
707 1255 896 1305 monumento
907 1247 993 1304 Marii

149 1330 185 1387 de
194 1337 245 1388 tuo
254 1329 347 1387 reditu
356 1329 671 1406 magnificentissimum
680 1329 750 1386 illud
761 1335 874 1386 senatus
881 1327 994 1385 consul·

149 1416 211 1468 tum
229 1429 289 1468 esse
305 1411 413 1468 factum
429 1410 570 1467 referente
587 1409 699 1486 optimo
714 1417 743 1466 et
757 1407 912 1466 clarissimo
929 1407 992 1464 viro

149 1491 273 1562 consule,
286 1491 373 1568 idque
390 1489 623 1566 frequentissimo
637 1489 749 1546 theatro
764 1486 925 1545 incredibili
939 1488 992 1545 cla·

149 1590 229 1629 more
250 1577 279 1628 ct
299 1571 400 1648 plausu
428 1569 655 1646 comprobatum,
671 1569 777 1626 dixisse
797 1576 826 1626 tc
847 1567 919 1625 nihil
941 1566 993 1624 illo

149 1651 264 1708 Atinati
278 1651 389 1708 somnio
404 1648 464 1707 fieri
479 1669 562 1726 posse
579 1649 711 1706 divinius.

190 1731 304 1788 XXIX.
348 1736 394 1787 60.
412 1730 455 1787 At
468 1729 559 1786 multa
572 1729 651 1786 falsa.
691 1729 785 1786 Immo
801 1727 921 1785 obscura
935 1727 994 1784 for-

150 1816 224 1868 tasse
248 1810 340 1867 nobis.
383 1809 441 1867 Sed
465 1810 522 1866 sint
542 1809 615 1866 falsa
636 1809 785 1886 quaedam,
807 1814 906 1865 contra
927 1827 994 1864 vera

151 1890 221 1966 quid
238 1889 377 1948 dicimusl
398 1909 470 1970 quae
492 1889 608 1966 quidem
625 1889 717 1946 multo
734 1888 816 1966 plura
837 1887 992 1954 evenirent,

151 1970 175 2026 si
192 1969 229 2026 ad
246 1969 370 2047 quietem
388 1969 493 2046 integri
509 1970 622 2026 iremus.
666 1969 750 2026 Nunc
768 1967 864 2028 onusti
881 1967 946 2024 cibo
964 1975 995 2024 et

151 2049 218 2105 vino
233 2048 398 2124 perturbata
411 2056 440 2105 et
454 2049 574 2106 confusa
587 2049 737 2106 cernimus.
773 2046 850 2106 Vide
862 2047 932 2124 quid
943 2046 995 2104 So

151 2135 242 2185 crates
266 2128 296 2184 in
318 2127 448 2186 Platonis
472 2128 580 2186 Politia
603 2128 743 2206 loquatur.
792 2127 874 2185 Dicit
898 2127 993 2184 enim:

153 2207 254 2265 “Cum
276 2207 485 2266 dormIentibus
502 2228 534 2266 ea
551 2227 616 2286 pars
633 2209 730 2279 animi,
750 2227 821 2285 quae
838 2207 943 2266 mentis
965 2214 995 2264 et

151 2288 271 2345 rationis
287 2288 326 2345 sit
341 2288 491 2364 particeps,
510 2290 604 2365 sopita
619 2288 761 2364 langueat,
777 2287 826 2345 illa
842 2294 947 2358 autem,
963 2287 995 2343 in

152 2387 209 2445 qua
229 2368 328 2426 feritas
349 2368 489 2445 quaedam
510 2368 547 2424 sit
566 2376 652 2445 atquc
677 2368 796 2445 agrestis
819 2367 993 2436 immanitas,

152 2468 217 2506 cum
233 2449 270 2506 sit
283 2448 474 2505 immoderato
488 2448 646 2512 tumefacta
659 2455 730 2525 potu
745 2455 830 2524 atque
845 2454 937 2524 pastu,
949 2466 996 2503 ex-

153 2528 256 2586 sultare
277 2547 339 2586 eam
358 2528 387 2584 in
405 2547 506 2585 somno
527 2527 771 2605 immoderateque
790 2527 896 2586 iactari
940 2526 996 2582 lta-

153 2627 208 2684 que
224 2608 291 2665 huic
313 2608 410 2664 omnia
430 2608 490 2664 visa
511 2607 674 2666 obiciuntur
690 2627 707 2664 a
722 2614 818 2665 mente
835 2625 867 2665 ac
884 2605 995 2664 ratione

152 2694 293 2756 vacuant
307 2694 357 2743 aut
371 2706 436 2744 cum
447 2695 538 2744 matre
552 2707 655 2763 corpus
669 2688 787 2744 miscere
801 2687 931 2744 videatur
945 2692 995 2742 aut

153 2785 218 2821 cum
236 2765 337 2839 quovis
353 2765 409 2821 alio
427 2766 471 2822 vel
485 2765 602 2823 homine
619 2766 663 2824 vel
678 2766 741 2835 de0,
754 2784 837 2842 saepe
850 2764 942 2835 belua,
955 2772 996 2822 at

154 2862 209 2917 que
226 2843 313 2898 etiarn
329 2843 470 2900 trucidare
484 2844 608 2920 aliquem
622 2853 652 2902 et
666 2845 754 2921 impie
768 2845 910 2902 cruentari
923 2844 996 2901 mul-

153 2926 239 2993 taque
255 2920 348 2977 lacere
365 2920 476 2996 impure
493 2931 579 2998 atque
595 2931 684 2981 taetre
701 2943 767 2982 cum
783 2924 945 2982 temeritate
965 2931 996 2981 et

154 2997 340 3073 impudentia
385 3005 430 3056 61.
453 3001 495 3058 At
512 3002 561 3077 qui
578 3002 683 3059 salubri
700 3010 729 3060 et
745 3003 895 3061 moderato
916 3003 996 3061 cultu

154 3083 242 3164 atque
256 3076 333 3132 victu
352 3078 440 3153 quieti
455 3099 484 3135 se
498 3080 655 3150 tradiderit,
668 3101 701 3138 ea
714 3089 795 3158 parte
811 3083 910 3152 animi,
923 3103 995 3161 quae

154 3161 259 3209 mentis
280 3162 308 3211 ct
329 3157 440 3213 consilii
461 3165 512 3228 cst,
527 3160 636 3232 agitata
652 3168 681 3217 ct
700 3168 793 3218 erecta
813 3169 995 3235 saturataque
