2224 3446
269 90 338 140 LlB.
354 90 736 152 11.‚0AP.XXI1.-xxv.‚§
750 93 840 142 49-55,
930 96 978 142 215

135 191 260 268 negabat
271 211 300 248 se
314 191 426 262 audere,
439 191 517 267 quod
528 199 593 248 exta
603 191 796 268 prohiberent.
836 193 909 250 “An
919 193 977 250 tu''

135 271 232 349 inquit
248 271 440 328 “carunculae
455 270 591 328 vitulinae
605 273 696 329 mavis
711 291 797 349 quam
812 273 979 348 imperatori

135 352 225 408 veteri
243 350 391 408 erederet’
433 350 511 418 Quid
527 351 588 427 ipse
605 350 716 422 Caesar,
733 371 797 409 cum
823 371 840 408 a
864 372 977 409 summo

83 484 84 487 ,
135 432 286 508 haruspice
307 436 479 500 moneretur,
500 449 536 487 ne
557 431 587 487 in
608 431 739 488 Africam
760 438 825 488 ante
845 431 978 488 brumam

124 512 350 580 transmitteret,
368 529 464 566 noune
485 510 662 587 transmisit?
703 510 789 579 Quod
805 511 836 568 ni
852 511 976 582 fecisset,

135 611 225 648 unum
243 591 272 648 in
290 590 385 646 locum
403 609 503 646 omnes
520 589 743 647 adversariorum
760 591 860 666 copiae
877 610 978 647 couve-

135 671 252 728 nissent.
296 669 374 738 Quid
388 689 442 746 ego
457 668 639 745 haruspicum
654 689 789 747 responsa
806 689 978 727 commemo-

134 769 354 826 rem-possum
369 749 503 825 equidem
514 749 846 826 innumerabilia-quae
857 757 907 806 aut
917 750 978 807 nul·

134 829 179 886 los
193 829 354 886 habuerunt
368 829 461 886 exitus
475 835 524 886 aut
539 830 714 886 contrarios?
756 837 801 887 53.
820 829 886 887 Hoc
901 830 978 887 civili

135 909 219 979 bello,
231 910 261 966 di
272 908 463 966 immortales!
482 927 568 985 quam
582 909 674 966 multa
684 909 828 967 luserunt!
847 929 918 986 quae
929 929 978 966 no-

135 989 180 1046 bis
201 990 231 1046 ia
254 989 401 1046 Graeciam
425 988 520 1045 Roma
536 1007 671 1064 responsa
688 988 870 1065 haruspicum
892 990 979 1046 missa

135 1077 210 1140 sunt,
227 1087 299 1145 quae
316 1068 393 1126 dicta
409 1068 568 1145 Pompeio!
610 1068 726 1125 Etenim
752 1068 799 1125 ille
820 1069 977 1127 admodum

135 1149 209 1206 extis
226 1157 255 1205 et
272 1149 391 1206 ostentis
409 1148 584 1206 movebatur.
627 1147 693 1204 Non
709 1147 788 1205 lubet
805 1168 978 1206 commemo-

134 1247 196 1285 rare
213 1247 266 1284 neo
283 1247 349 1284 vero
367 1247 479 1285 necesse
497 1235 548 1298 cst,
564 1227 619 1284 tibi
635 1228 810 1303 praesertim,
827 1229 876 1304 qui
893 1229 978 1286 inter-

134 1308 226 1365 fuisti.
268 1308 360 1365 Vides
374 1314 469 1364 tamen
485 1307 653 1365 omniafere
668 1314 767 1364 contra
781 1327 813 1364 ac
828 1308 905 1364 dicta
920 1308 978 1365 sint

135 1388 269 1445 evenisse.
313 1387 369 1444 Sed
384 1387 453 1444 hacc
469 1386 613 1444 hactenus.
657 1386 741 1443 Nunc
758 1387 794 1443 ad
806 1393 919 1444 ostenta
932 1407 977 1444 ve-

134 1468 255 1525 niamus.
298 1466 396 1524 XXV.
440 1473 485 1523 54.
509 1467 601 1524 Multa
617 1486 664 1523 me
685 1467 800 1523 consule
817 1485 834 1523 a
849 1486 896 1524 me
913 1467 976 1544 ipso

135 1549 242 1625 scripta
262 1546 395 1617 recitasti,
410 1547 502 1603 multa
522 1554 588 1603 ante
606 1546 759 1603 Marsicum
777 1545 883 1604 bellum
901 1566 918 1604 a
935 1547 975 1604 Si·

135 1647 224 1684 senna
237 1627 356 1684 collecta
367 1626 496 1697 attulisti,
506 1627 598 1683 multa
609 1633 674 1683 ante
685 1625 976 1684 Lacedaemoniorum

134 1707 240 1764 malam
254 1725 381 1782 pugnam
396 1707 426 1762 in
442 1705 570 1762 Leuctris
584 1726 601 1763 a
617 1705 790 1763 Callisthene
805 1725 977 1764 commemo-

134 1794 197 1844 rata
223 1786 329 1843 dixisti.
372 1785 417 1842 De
446 1786 549 1862 quibus
577 1785 670 1842 dicam
699 1786 832 1862 equidem
858 1787 977 1862 singulis

136 1866 231 1944 quoad
248 1865 399 1934 videbitur,
412 1866 462 1922 scd
479 1864 633 1922 dicendum
651 1867 737 1923 etiam
754 1873 797 1923 est
814 1867 850 1924 de
868 1867 977 1923 uuiver-

135 1948 180 2003 sis
224 1945 303 2014 Quae
318 1953 360 2002 est
375 1946 450 2002 enim
466 1946 522 2002 ista
535 1965 552 2002 a
565 1945 610 2002 dis
621 1946 752 2022 profecta
763 1946 933 2023 significatio
948 1956 977 2003 et

135 2026 217 2104 quasi
231 2025 411 2083 denuntiatio
426 2024 640 2083 calamitatuml
678 2025 755 2094 Quid
766 2033 862 2084 antem
877 2026 978 2084 volunt

135 2126 169 2164 ca
182 2106 214 2163 di
228 2105 403 2162 immortales
417 2105 544 2181 primum
562 2104 762 2182 significantes,
775 2126 847 2183 quae
862 2107 922 2163 sine
936 2107 978 2162 in-

134 2185 307 2262 terpretibus
321 2205 380 2242 non
394 2185 538 2262 possimus
548 2185 721 2262 intellegere,
733 2186 836 2243 deinde
851 2206 891 2257 ea,
905 2205 977 2262 quae

134 2285 233 2323 cavere
257 2266 450 2342 nequeamusl
496 2265 538 2322 At
562 2265 618 2322 hoo
642 2284 678 2322 ne
703 2265 835 2322 homines
861 2266 977 2342 quidem

134 2344 219 2422 probi
247 2345 366 2416 faciunt,
389 2351 422 2402 ut
449 2345 548 2402 amicis
575 2344 775 2420 impendentes
803 2345 977 2402 calamitates

135 2425 309 2501 praedicant,
322 2445 391 2502 quas
408 2424 450 2482 illi
466 2425 592 2500 effugere
609 2422 688 2480 nullo
705 2423 794 2480 modo
811 2425 931 2500 possint,
944 2433 977 2480 ut

134 2505 249 2575 medici,
269 2524 440 2583 quamquam
462 2503 634 2580 intellegunt
661 2522 752 2579 saepe,
770 2510 867 2560 tamen
895 2523 977 2560 num-

136 2604 222 2661 quam
243 2585 335 2661 aegris
356 2585 455 2642 dieunt
472 2584 521 2641 illo
542 2583 645 2641 morbo
666 2603 715 2642 eos
737 2602 796 2655 csse
813 2583 974 2641 morituros.

135 2665 239 2722 Omnis
257 2665 332 2721 enim
350 2664 508 2740 praedictio
525 2665 594 2720 mali
611 2671 674 2720 tum
691 2662 836 2739 probatur,
852 2664 977 2720 eumad

135 2745 362 2820 praedictionem
383 2745 478 2801 cautio
499 2743 672 2820 adiungitur.
717 2750 763 2801 55.
791 2741 868 2811 Qiiid
888 2743 978 2820 igitur

136 2832 186 2880 aut
201 2831 314 2882 ostenta
327 2830 377 2881 aut
391 2843 489 2880 eorum
501 2824 670 2900 interpretes
681 2823 725 2880 vel
737 2823 977 2880 Lacedaemonios

99 2920 101 2924 ·
136 2903 206 2960 olim
227 2904 272 2960 vel
288 2923 380 2979 nuper
396 2911 509 2960 nostros
530 2903 718 2960 adiuverunt?
759 2902 838 2971 Quae
855 2903 880 2960 si
896 2903 977 2979 signa

135 2984 256 3040 deorum
270 2983 399 3060 putanda
412 2991 487 3053 sunt,
497 3002 548 3040 cur
561 2991 621 3040 tam
636 2983 756 3040 obscura
769 2984 904 3040 fuerunt?
945 2982 977 3038 si

136 3063 223 3134 enim,
235 3070 269 3121 ut
283 3063 512 3139 intellegeremus
527 3063 597 3138 quid
608 3070 681 3120 esset
692 3070 868 3133 eventurum,
880 3069 977 3139 aperte

136 3142 274 3200 declarari
291 3141 450 3218 oportebat,
464 3149 514 3200 aut
528 3161 564 3199 ne
579 3142 688 3200 occulte
704 3143 829 3218 quidem,
841 3142 866 3200 si
880 3161 913 3200 ea
926 3142 976 3199 sci·
