2242 3436
284 112 352 161 nin.
367 112 414 172 11,
429 112 506 161 cnr.
521 112 682 172 nur-w,
697 111 711 170 s
727 114 849 162 rar-iar.
958 114 990 160 95

149 235 207 273 ore.
250 213 279 272 ls
294 221 415 291 utraque
436 233 471 271 ex
487 221 568 290 parte
584 213 713 270 tonsillas
734 213 878 289 attingens
895 212 990 289 palato

149 303 278 354 extremo
299 302 385 370 atque
402 293 505 351 intimo
526 293 703 350 terminatur.
745 292 844 370 Atque
860 293 893 348 is
905 293 992 369 agita-

149 375 229 432 tione
247 381 276 432 et
289 374 417 432 motibus
430 373 544 450 linguae
561 392 627 430 oum
641 372 792 450 depulsum
807 380 837 429 et
851 373 931 449 quasi
945 372 993 430 do

149 465 261 512 trusum
276 454 373 511 cibum
387 455 506 531 aceepit,
518 453 644 530 depellit.
679 452 774 530 Ipsius
787 461 883 510 autem
897 460 993 530 partes

149 554 208 605 eae,
221 553 293 611 quae
314 540 381 591 suut
401 533 478 590 infra
498 552 584 610 quarn
605 533 643 603 id,
657 533 735 610 quod
752 533 911 603 devoratur,
924 532 994 589 'dila-

149 622 255 685 tantur,
272 633 344 691 quae
365 622 461 671 autem
483 632 576 690 supra,
592 613 806 671 contrahuntur.
851 618 916 670 136.
935 612 994 670 Sed

149 713 216 752 cum
227 713 327 770 aspera
340 693 523 750 arteria-sic
538 693 615 750 enim
629 712 646 750 a
660 693 779 750 medicis
793 691 994 770 appellatur—

150 775 258 832 ostium
272 773 376 832 habeat
389 773 682 850 adiunctumliuguae
696 773 839 830 radicibus
849 772 935 850 paulo
950 791 995 828 su-

149 873 210 931 pra,
223 873 309 931 quam
330 855 367 911 ad
387 854 516 930 linguam
537 852 702 910 stomachus
722 853 891 924 adnectitur,
904 871 994 929 eaque

150 935 188 991 ad
209 934 360 1011 pulmones
380 953 470 1011 usque
491 933 633 1010 pertineat
654 933 833 1010 excipiatque
857 933 993 1003 animam,

151 1034 214 1072 earn
233 1033 304 1091 quae
321 1014 408 1072 ducta
425 1021 468 1071 est
485 1013 597 1091 spiritu,
612 1017 790 1093 eandemque
814 1037 832 1074 a
855 1017 997 1107 pulmoni·

151 1094 205 1151 bus
219 1095 339 1171 respiret
355 1101 384 1152 et
398 1093 507 1165 reddat,
519 1094 627 1170 tegitur
643 1093 768 1171 quodam
784 1113 864 1171 quasi
878 1114 995 1172 opercu-

151 1174 189 1245 lo,
201 1174 279 1251 quod
289 1174 327 1232 ob
338 1193 401 1232 eam
412 1193 525 1231 eausam
541 1174 640 1231 datum
653 1180 704 1243 cst,
713 1192 758 1245 ne,
769 1174 793 1232 si
805 1175 874 1251 quid
885 1175 915 1231 in
930 1193 993 1231 eam

152 1253 210 1312 cibi
225 1256 300 1312 forte
317 1254 473 1325 incidisset,
486 1254 603 1331 spiritus
619 1254 813 1330 impediretur.
857 1254 913 1312 Sed
928 1273 994 1311 cum

152 1335 209 1392 alvi
222 1342 325 1392 natura
338 1334 466 1392 subiecta
482 1334 632 1391 stomacho
647 1333 703 1390 cibi
718 1341 748 1390 et
762 1335 889 1411 potionis
903 1335 941 1390 sit
954 1354 995 1391 re·

152 1414 340 1493 captaculum,
353 1413 505 1492 pulmones
521 1422 617 1471 autern
633 1420 662 1471 et
678 1432 728 1471 cor
744 1414 918 1470 extrinsecus
940 1415 995 1490 spi·

152 1496 241 1552 ritum
258 1495 374 1565 ducant,
385 1494 416 1550 in
433 1493 497 1550 alvo
512 1493 606 1550 multa
621 1499 688 1550 sunt
701 1493 871 1550 mirabiliter
884 1493 994 1562 effecta,

155 1594 226 1652 quae
243 1582 357 1632 constat
369 1575 429 1631 fere
444 1593 460 1632 e
476 1573 578 1630 nervis.
621 1572 674 1631 Est
688 1581 784 1631 autem
801 1573 951 1650 multiplex
966 1579 996 1630 et

153 1662 284 1713 tortuosa
305 1661 437 1732 arcetque
457 1660 487 1712 et
506 1654 643 1725 continet,
656 1653 715 1711 sive
731 1653 802 1711 illud
820 1652 932 1710 aridum
953 1659 996 1710 est

154 1736 213 1793 sive
230 1735 362 1792 umidum
380 1734 458 1811 quod
471 1736 582 1812 recipit,
595 1742 628 1792 ut
641 1733 673 1793 id
686 1734 792 1792 mutari
809 1741 839 1791 et
855 1733 996 1810 concoqui

154 1815 254 1893 possit,
273 1833 362 1892 eaque
381 1823 445 1872 tum
466 1815 643 1892 astringitur,
659 1822 722 1872 tum
744 1814 893 1884 relaxatur,
911 1823 996 1891 atque

155 1915 240 1953 omne
255 1896 333 1972 qnod
347 1895 452 1972 accipit
466 1895 544 1971 cogit
558 1903 588 1952 et
601 1895 763 1966 confundit,
774 1901 806 1951 ut
816 1894 900 1952 facile
914 1901 943 1950 et
953 1913 997 1950 oa-

154 1976 222 2046 lore,
239 1995 323 2052 quem
345 1974 470 2033 multum
490 1974 586 2046 habet,
602 1981 631 2032 et
647 1975 766 2032 terendo
787 1974 852 2032 cibo
874 1981 902 2032 et
919 1993 997 2051 prae-

154 2064 233 2113 terea
246 2056 349 2133 spiritu
363 2055 461 2113 omnia
474 2063 556 2113 cocta
569 2063 655 2132 atque
669 2056 801 2113 confecta
811 2055 841 2112 in
855 2055 996 2132 reliquum

155 2155 260 2213 corpus
273 2136 446 2194 dividantur.
484 2134 545 2193 LV.
564 2134 598 2191 In
613 2135 799 2212 pulmonibus
813 2142 908 2192 autem
923 2135 998 2191 inest

155 2217 256 2274 raritas
274 2215 413 2293 quaedam
430 2222 460 2274 et
477 2215 616 2272 adsimilis
636 2216 766 2292 spongiis
786 2215 940 2272 mollitudo
961 2214 998 2272 ad

155 2296 346 2354 hauriendum
363 2295 496 2373 spiritum
517 2296 675 2372 aptissima,
686 2297 737 2373 qui
753 2303 817 2354 tum
838 2314 867 2352 se
888 2300 999 2352 contra·

156 2376 231 2434 hunt
241 2376 406 2454 aspirantes,
415 2383 479 2432 tum
490 2375 520 2432 in
534 2376 674 2451 respiratu
685 2376 814 2444 dilatant,
825 2383 858 2431 ut
868 2375 998 2451 frequen·

156 2464 201 2514 ter
214 2457 336 2514 ducatur
349 2454 430 2512 cibus
444 2455 584 2526 animalis,
596 2475 653 2532 quo
670 2455 794 2512 maxime
810 2453 925 2511 aluntur
941 2454 999 2510 aui·

157 2543 276 2594 mantes.
316 2534 382 2592 137.
400 2535 444 2592 Ex
459 2535 603 2594 intestinis
617 2541 712 2593 autem
728 2529 770 2608 [et
784 2531 860 2611 alvo]
876 2541 999 2590 secretus

157 2636 175 2672 a
184 2615 294 2692 reliquo
305 2614 370 2673 cibo
382 2635 465 2674 sucus
476 2616 509 2686 is,
518 2634 576 2693 quo
590 2615 701 2687 alimur,
708 2620 855 2692 permanat
867 2614 904 2671 ad
912 2614 998 2684 iecur,

157 2714 209 2772 per
223 2695 360 2772 quasdam
375 2714 392 2752 a
405 2696 502 2753 medio
513 2695 650 2753 intestino
665 2714 754 2772 usque
769 2694 913 2770 adportas
927 2693 1000 2750 ieco-

158 2775 278 2832 ris—sic
290 2775 366 2833 enim
378 2775 665 2853 appellant-ductas
679 2782 708 2833 et
718 2775 839 2832 directas
850 2775 917 2844 vias,
928 2792 1000 2850 quae

157 2855 304 2931 pertinent
315 2855 352 2912 ad
362 2856 440 2913 iecur
450 2856 533 2933 eique
544 2855 707 2913 adhaerent.
742 2855 841 2931 Atque
851 2854 918 2911 inde
929 2853 1000 2910 aliae

159 2978 166 2992 .
179 2978 186 2992 .
199 2977 205 2992 .
218 2935 394 3012 pertinentes
408 2943 484 3007 suut,
495 2955 547 3013 per
560 2954 631 3012 quas
644 2935 722 2994 cadit
732 2935 812 2992 cibus
827 2935 945 2992 aiecore
960 2934 1001 2990 di·

159 3014 263 3090 lapsus.
299 3013 347 3071 Ab
362 3034 396 3072 eo
411 3015 475 3073 cibo
490 3034 556 3072 cum
571 3022 615 3073 est
625 3022 732 3072 secreta
745 3013 810 3071 bilis
825 3015 907 3090 eique
921 3032 1001 3070 umo-

160 3112 213 3164 res,
224 3094 274 3169 qui
288 3113 303 3151 e
317 3094 432 3152 renibus
446 3094 669 3171 profunduntur,
679 3094 787 3171 reliqua
801 3113 830 3150 se
844 3095 874 3151 in
890 3093 1001 3170 sangui-

161 3192 227 3230 nem
243 3181 358 3231 vertunt
371 3174 408 3231 ad
424 3174 595 3248 easdemque
611 3181 709 3248 portas
725 3174 827 3230 iecoris
843 3172 1000 3232 confluunt.

1030 3293 1094 3391 ι’
