2242 3436
142 129 189 176 104
362 127 412 175 DE
432 126 581 176 NATURA
600 125 761 176 DEORUM.

141 227 264 305 phantiS,
272 227 418 305 multaque
433 247 467 286 ex
485 248 580 286 earum
596 228 762 305 corporibus
772 228 984 286 remediamor·

141 309 185 365 bis
202 315 231 365 et
247 307 410 366 vulneribus
427 308 574 385 eligamus,
591 309 664 366 sicut
680 328 715 366 ex
733 308 903 385 quibusdam
921 310 985 366 stir-

140 388 225 465 pibus
239 396 268 446 et
279 388 382 460 herbis,
393 408 512 466 quarum
528 389 665 446 utilitates
679 388 830 466 longinqui
844 389 985 465 temporis

141 489 194 526 usu
215 476 244 526 et
262 469 469 546 periclitatione
485 469 673 546 percepimus,
715 468 820 525 Totam
837 468 904 526 licet
925 469 986 525 ani-

140 551 196 606 rnis
216 556 363 625 tamquam
384 548 474 606 oculis
494 549 612 610 lustrare
633 556 738 606 terram
757 549 902 624 mariaque
924 568 986 604 om-

140 630 204 686 nia:
223 648 319 686 cernes
329 629 386 685 iam
401 629 493 705 spatia
506 629 646 705 frugifera
660 635 744 705 atque
758 629 899 685 immensa
909 647 986 684 cam-

140 729 243 786 porum
271 709 447 785 vestitusque
467 708 651 765 densissimos
671 708 824 780 montium,
840 707 984 784 pecudum

141 796 247 865 pastus
262 795 325 845 tum
346 788 507 846 incredibili
528 807 625 845 cursus
645 787 806 844 maritimos
830 787 983 844 celeritate.

143 875 208 926 162.
232 868 292 925 Neo
313 887 380 925 vero
405 887 491 945 supra
510 874 624 938 terram,
640 868 691 925 sed
712 867 799 924 etiam
820 867 851 924 in
872 867 986 924 intimis

141 949 201 1005 cius
222 947 346 1006 tenebris
365 948 553 1024 plurimarum
574 967 667 1005 rerum
685 947 755 1004 latet
776 947 893 1018 utilitas,
910 965 985 1024 quac

141 1028 177 1085 ad
194 1047 279 1084 usum
295 1027 446 1085 hominum
468 1036 531 1085 orta
551 1027 586 1085 ab
604 1027 770 1085 homiuibus
791 1027 859 1085 solis
875 1027 986 1084 inveni-

140 1117 195 1166 tur.

181 1187 272 1246 LXV.
295 1187 372 1245 Illud
387 1207 462 1260 vem,
480 1187 558 1264 quod
574 1195 693 1265 uterque
715 1194 840 1245 vestrum
859 1187 986 1263 adripiet

140 1269 262 1326 fortasse
279 1269 316 1325 ad
332 1267 606 1344 reprehendendum,
623 1267 718 1338 Cotta,
735 1268 802 1344 quia
822 1267 986 1324 Carneades

141 1348 262 1406 libenter
283 1349 313 1404 in
335 1347 448 1406 Stoicos
464 1347 659 1419 invehebatur,
671 1347 807 1418 Velleius,
824 1347 890 1424 quia
910 1347 985 1404 nihil

140 1436 201 1486 tam
218 1429 316 1486 irridet
330 1428 471 1505 Epicurus
488 1447 573 1505 quam
588 1427 812 1505 praedictionem
830 1447 924 1484 rerum
940 1427 987 1484 fu·

141 1516 277 1580 turanum,
292 1509 366 1566 mihi
386 1509 500 1567 videtur
520 1507 563 1564 vel
584 1508 709 1565 maxime
730 1506 897 1564 confirmare
918 1507 987 1564 deo·

141 1609 205 1646 rum
222 1589 403 1666 providentia
422 1587 532 1646 consuli
549 1587 633 1645 rebus
650 1587 789 1645 humanis.
832 1587 885 1644 Est
906 1587 985 1644 enim

141 1669 272 1744 prolecto
290 1669 438 1738 divinatio,
451 1687 523 1745 quae
540 1668 639 1726 multis
653 1667 731 1738 locis,
743 1667 835 1739 rebus,
848 1668 986 1742 tempori-

142 1749 195 1804 bus
215 1755 335 1824 apparct
354 1767 420 1804 cum
437 1748 466 1805 in
487 1749 606 1824 privatis
626 1755 690 1805 tum
711 1748 834 1805 maxime
851 1747 983 1824 publicis

143 1834 209 1884 163.
232 1826 324 1884 Multa
344 1835 464 1884 cernunt
479 1827 651 1905 haruspices,
667 1827 758 1884 multa
778 1847 899 1904 augures
920 1846 986 1905 pro-

142 1907 249 1977 vident,
264 1907 355 1964 multa
376 1907 476 1964 oraclis
497 1907 683 1979 declarantur,
699 1907 789 1964 multa
807 1907 985 1965 vaticinatio-

141 1987 234 2057 nibus,
249 1986 341 2044 multa
357 1987 484 2058 somniis,
495 1987 588 2045 multa
604 1989 753 2064 portentis,
767 1987 870 2064 quibus
887 1989 986 2064 cogui-

141 2067 180 2124 tis
194 2066 300 2124 multae
320 2087 402 2145 saepe
419 2087 464 2125 res
480 2067 630 2125 hominum
649 2069 790 2126 sententia
806 2075 892 2145 atquc
908 2067 986 2124 utili-

141 2153 200 2204 tate
210 2154 317 2223 partae,
327 2147 419 2204 multa
429 2147 516 2206 etiam
526 2147 652 2225 pericula
662 2147 781 2224 depulsa
792 2155 866 2205 sunt.
902 2147 985 2206 Haec

141 2227 231 2303 igitur
245 2227 303 2284 sive
317 2227 360 2284 vis
371 2228 430 2285 sive
440 2247 484 2284 ars
496 2229 554 2286 sive
569 2235 671 2285 natura
681 2228 718 2284 ad
729 2228 877 2286 scientiam
888 2247 985 2285 rerum

141 2308 304 2364 futurarum
314 2306 427 2364 homini
438 2308 569 2384 profecto
584 2315 689 2366 estnec
701 2308 749 2365 alii
760 2308 894 2385 cuiquam
908 2327 926 2364 a
940 2308 986 2364 dis

142 2387 353 2445 immortalibus
376 2388 452 2445 data
494 2387 573 2457 Quae
591 2388 615 2444 si
632 2387 744 2464 singula
760 2407 811 2445 vos
827 2388 904 2444 forte
925 2407 985 2444 non

141 2474 267 2537 movent,
283 2468 414 2524 universa
430 2474 505 2524 certe
522 2474 619 2524 tamen
635 2468 710 2525 inter
727 2487 756 2524 sc
773 2487 882 2524 conexa
898 2474 986 2544 atquc

142 2547 295 2605 coniuncta
308 2566 422 2604 movere
437 2544 590 2604 debebunt.

184 2632 249 2684 164.
273 2627 333 2684 Nec
354 2645 421 2684 vero
442 2627 574 2684 universo
595 2626 693 2704 generi
709 2626 861 2684 hominurn
881 2626 985 2697 solum,

142 2706 193 2762 scd
207 2707 292 2763 etiam
307 2706 427 2782 singulis
441 2725 458 2763 a
471 2707 516 2764 dis
529 2707 739 2764 immortalibus
754 2707 864 2764 consuli
878 2713 907 2763 ct
922 2725 988 2784 pro-

142 2785 233 2841 videri
255 2784 334 2842 solet.
376 2785 457 2843 Licet
477 2786 554 2843 enim
579 2786 745 2844 contrahere
769 2786 987 2844 universitatem

142 2864 254 2938 generis
268 2862 386 2920 humani
401 2884 520 2942 eamque
534 2866 675 2942 gradatim
691 2866 728 2922 ad
742 2868 897 2941 pauciores,
908 2873 988 2942 post-

144 2961 222 2997 remo
242 2941 381 3000 deducere
398 2944 434 3000 ad
451 2945 586 3022 singulos.
629 2944 735 3003 LXVI.
759 2945 835 3002 Nam
853 2946 877 3003 si
895 2947 988 3002 omni-

143 3019 197 3076 bus
213 3019 386 3093 hominibus,
403 3025 452 3101 qui
469 3025 575 3102 ubique
598 3031 673 3096 sunt,
689 3043 868 3102 quacumque
885 3025 915 3082 in
936 3044 988 3082 ora

144 3118 176 3154 ac
192 3106 272 3174 parto
288 3108 426 3161 terrarum
443 3104 479 3162 ab
493 3104 610 3162 huiusce
627 3111 725 3173 terrac,
739 3123 824 3180 quam
838 3124 891 3161 nos
908 3105 988 3162 inco·

143 3177 237 3250 limus,
250 3182 464 3242 continuatione
481 3185 660 3253 distantium,
673 3183 742 3238 deos
759 3183 904 3241 consulere
922 3203 988 3240 cen-
