2242 3436
300 99 725 164 nm.111.,cnr.vr11.-x.‚§
741 104 830 154 19-25.
940 107 989 153 115
1026 149 1033 156 .

144 203 268 261 disertus
285 209 315 260 et
329 203 445 279 quidem
459 203 688 276 mathematicus,
699 205 834 277 musicus,
847 206 927 263 omni
941 206 989 264 de·

143 284 232 360 nique
251 283 384 341 doctrina
404 283 541 355 eruditus,
556 291 704 360 postremo
722 284 913 363 philosophus
934 287 989 344 erit

143 363 277 421 mundns.
321 362 412 440 Saepe
429 363 503 421 dixti
518 363 589 420 nihil
604 363 665 421 fieri
680 365 741 422 sine
757 365 812 422 deo
831 384 882 422 nec
900 365 987 423 ullam

142 444 203 500 vim
224 463 284 501 esse
306 451 431 513 naturae,
447 451 480 501 ut
497 444 541 501 sui
558 444 708 501 dissimilia
724 452 822 521 posset
843 444 986 522 effingere.

142 523 309 582 Concedam
326 543 384 581 non
400 524 489 581 modo
511 524 686 582 animantem
704 533 733 582 et
750 525 908 601 sapientem
926 545 987 584 esse

140 603 293 676 mundum,
311 603 362 661 sed
378 602 523 661 fidicinem
544 605 632 661 etiam
653 613 683 661 et
703 604 870 676 tubicinem,
887 606 987 682 quoni-

140 702 188 740 am
206 702 303 740 eamm
321 702 435 760 quoque
456 684 561 741 artium
578 683 710 742 homines
731 705 765 743 ex
787 705 821 743 eo
839 704 987 763 procrean-

139 764 207 821 turl
248 762 330 820 Nihil
346 764 436 840 igitur
454 763 549 821 adfert
565 771 646 840 pater
663 765 732 822 ister
748 765 912 823 Stoicorum
930 786 986 843 qua

139 862 171 901 re
187 843 330 918 mundum
346 843 457 901 ratione
475 844 517 902 nti
531 852 674 920 putemne,
689 863 726 902 ne
743 864 794 902 cur
810 846 985 903 animantem

140 923 258 1000 quidem
280 942 348 982 esse.
391 923 459 981 Non
479 931 524 982 cst
543 923 632 1000 igitur
652 925 778 982 mundus
798 925 877 997 deus,
895 932 925 983 et
944 934 986 984 ta-

138 1022 208 1061 men
225 1003 297 1061 nihil
314 1010 358 1061 est
374 1023 409 1061 eo
425 1003 545 1062 melius:
566 1003 639 1061 nihil
656 1012 700 1062 est
716 1005 793 1062 enim
811 1025 845 1062 eo
861 1005 986 1082 pulchri·

139 1103 182 1154 us,
195 1083 268 1140 nihil
282 1083 432 1142 salutarius
449 1083 542 1155 nobis,
557 1084 630 1141 nihil
648 1085 776 1142 omatins
793 1093 910 1161 aspectu
924 1106 985 1144 mo·

138 1171 231 1241 tuque
247 1165 432 1222 constantius,
474 1164 599 1233 Quodsi
618 1166 744 1223 mundus
760 1165 908 1223 universus
924 1185 983 1224 non

139 1251 184 1302 est
208 1244 286 1314 deus,
305 1263 341 1302 ne
361 1243 459 1302 stellae
481 1244 608 1321 quidem,
626 1252 745 1322 questu
762 1245 984 1304 innumerabiles

138 1325 169 1382 in
187 1324 307 1381 deorum
323 1343 442 1382 numero
459 1325 626 1401 reponebas,
642 1344 762 1402 qnamm
779 1332 808 1383 te
825 1345 923 1382 cursus
939 1346 984 1383 ae-

139 1404 268 1482 quabiles
284 1405 449 1481 aeternique
467 1404 656 1476 delectabant,
668 1424 720 1462 nce
734 1403 896 1462 mehercule
910 1406 983 1463 iniu-

138 1485 198 1542 ria:
221 1491 288 1542 sunt
305 1485 382 1542 enim
398 1484 561 1542 admirabili
575 1484 792 1562 incredibilique
811 1485 980 1543 constantia.

139 1570 186 1622 24.
210 1564 267 1622 Sed
278 1584 336 1622 non
352 1565 457 1636 omnia,
468 1564 567 1636 Balbe,
579 1583 652 1641 quae
666 1584 764 1622 cursus
775 1571 867 1622 certos
877 1571 906 1622 et
916 1583 982 1622 con-

138 1652 247 1703 stantes
264 1645 380 1717 babent,
398 1664 431 1702 ea
452 1645 506 1702 deo
523 1645 622 1722 potius
639 1644 791 1702 tribuenda
811 1651 878 1702 sunt
895 1664 980 1721 quam

136 1733 264 1784 naturae.
306 1725 344 1783 X.
368 1725 445 1794 Quid
460 1724 626 1783 Chalcidico
638 1725 747 1802 Euripo
758 1725 789 1782 in
800 1732 881 1782 motu
892 1725 982 1783 idem-

136 1806 230 1863 tidem
254 1805 458 1881 reciprocando
482 1812 568 1882 putas
592 1805 653 1863 fieri
677 1824 761 1882 posse
785 1806 981 1864 constantius?

138 1887 209 1964 quid
226 1886 302 1944 freto
320 1885 470 1956 Siciliensi,
487 1885 558 1962 quid
574 1885 682 1944 Oceani
694 1886 807 1943 fervore
824 1884 880 1942 illis
896 1886 926 1943 in
940 1886 981 1944 lo-

137 1967 188 2038 ⁰i⁸⁷
243 2007 369 2070 Europum
381 2006 537 2070 Libyamque
548 2020 627 2068 rapax
639 2005 681 2054 nbi
692 2005 779 2054 dividit
790 2005 875 2054 unda?

137 2117 234 2187 Qnidl
255 2125 350 2176 aestus
370 2117 510 2175 maritimi
526 2117 571 2174 vel
585 2115 792 2194 Hispanienses
808 2118 852 2175 vel
866 2117 981 2177 Britan·

136 2198 196 2255 nici
210 2217 366 2275 eorumque
383 2198 466 2255 certis
482 2197 662 2274 temporibus
679 2197 723 2255 vel
738 2217 866 2256 accessus
880 2199 924 2256 vel
939 2219 980 2257 rc·

136 2297 232 2336 cessus
248 2278 309 2336 sine
326 2278 381 2336 deo
398 2277 460 2336 fieri
473 2296 569 2336 nonne
586 2279 726 2354 possuntt
767 2278 851 2349 Vide,
865 2298 978 2355 quaeso,

137 2359 163 2415 si
184 2377 283 2416 omnes
303 2365 401 2417 motus
421 2357 583 2434 omniaque,
603 2377 675 2434 quae
696 2358 781 2414 certis
801 2358 980 2434 temporibus

136 2438 269 2496 ordinem
284 2458 368 2495 suum
385 2445 562 2508 conservant,
578 2438 676 2495 divina
689 2438 819 2508 dicimus,
834 2457 870 2494 ne
885 2439 980 2496 tertia-

135 2537 188 2575 nas
205 2518 275 2576 item
293 2517 388 2576 febres
405 2525 434 2574 et
451 2525 603 2594 quartanas
620 2517 732 2574 divinas
748 2536 808 2575 esse
825 2517 977 2575 dicendum

136 2599 183 2670 sit,
197 2617 317 2674 quarum
331 2597 491 2656 reversione
506 2605 535 2656 et
548 2605 631 2655 motu
646 2598 716 2674 quid
730 2604 826 2674 potest·
840 2616 900 2654 esse
914 2617 980 2655 con-

135 2678 279 2736 stantius?
320 2677 377 2736 Sed
394 2678 524 2735 omnium
541 2677 643 2734 talium
659 2697 753 2734 rernm
771 2677 844 2734 ratio
861 2676 980 2736 redden·

135 2757 174 2815 da
187 2765 238 2815 est.
278 2764 325 2816 25.
343 2757 429 2826 Quod
442 2777 494 2815 vos
508 2773 574 2814 cum
588 2757 681 2814 facere
695 2776 754 2814 non
768 2757 898 2834 potestis,
908 2764 980 2815 tam-

136 2857 224 2915 quam
238 2839 269 2895 in
284 2857 361 2896 aram
377 2837 535 2913 confugitis
549 2836 586 2894 ad
600 2837 694 2894 deum.

177 2918 216 2976 Et
233 2917 413 2995 Chrysippus
429 2917 483 2975 tibi
501 2923 583 2974 acute
603 2916 696 2974 dicere
717 2916 874 2988 videbatur,
889 2916 978 2976 homo

135 2997 198 3056 sine
215 2997 304 3056 dubio
321 3004 451 3056 versutus
468 3003 497 3055 et
514 2997 802 3054 callidus-versutos
819 3016 868 3054 eos
883 2997 979 3072 appel-

135 3079 174 3148 lo,
190 3097 313 3155 quorum
334 3077 463 3135 celeriter
478 3095 560 3132 mens
580 3083 715 3146 versatur,
734 3075 852 3132 callidos
872 3086 977 3147 autem,

136 3177 260 3232 quorum
275 3166 422 3232 tamquam
437 3175 539 3212 manus
556 3173 651 3232 opere,
663 3154 705 3212 sic
717 3155 829 3212 animus
844 3175 897 3213 usu
913 3175 977 3213 con·
