2220 3432
326 125 396 176 ma.
408 125 442 188 r,
453 123 531 175 car.
543 122 798 188 v.-vrr.,§1r-1o.
965 126 981 172 a

139 249 200 288 non
217 228 360 288 levissima
376 226 412 284 de
428 245 466 300 re,
479 233 512 284 ut
529 226 658 304 queritur
673 226 721 284 illc
737 227 769 288 ia
786 223 900 286 cairate
911 225 981 300 fieri

148 312 279 372 facinora
293 308 440 383 capitalia,

173 469 180 481 .
196 469 202 482 .
218 469 224 481 .
239 432 271 480 ab
283 432 363 481 amico
374 437 474 479 amante
484 437 615 492 argentum
625 429 736 491 accipere
746 427 866 490 meretrix
876 429 967 478 nevolt.

141 555 188 608 14.
205 549 255 607 sed
266 556 298 607 ut
309 549 413 621 adsint,
424 543 607 624 cognoscant,
619 546 848 606 animadvertant
863 546 933 624 quid
944 543 981 604 de

138 629 287 707 religione,
305 630 421 707 pietate,
443 627 603 699 sanctitate,
625 628 813 698 caerimoniis,
831 626 897 700 fide,
918 627 981 686 iure

139 710 271 781 iurando,
287 710 357 788 quid
373 710 410 767 de
430 709 554 786 templis,
571 708 696 767 delubris
717 705 916 784 sacrificiisque
936 726 980 765 so-

140 790 290 862 lemnibus,
303 789 374 867 quid
387 790 424 847 de
437 789 508 866 ipsis
525 789 667 865 auspiciis,
680 787 784 866 quibus
800 805 853 845 nos
867 807 980 865 praesu·

139 890 213 942 mue,
229 870 451 928 existimandum
466 870 512 928 sit.
553 869 634 926 Haec
651 869 728 926 enim
743 867 840 925 omnia
855 868 892 925 ad
906 867 979 925 hanc

140 951 177 1008 de
201 951 246 1008 dis
269 949 480 1008 immortalibus
505 949 702 1027 quaestionem
730 947 879 1006 referenda
902 955 977 1007 sunt.

140 1030 279 1089 Profecto
296 1050 345 1088 eos
361 1030 447 1107 ipsos,
465 1031 514 1108 qui
531 1049 561 1087 se
578 1028 687 1105 aliquid
704 1030 774 1087 certi
788 1029 892 1087 habere
908 1028 980 1086 arbi-

139 1117 260 1182 trantur,
278 1110 447 1168 addubitare
468 1118 554 1187 coget
574 1108 806 1167 doctissimorum
828 1109 979 1167 hominum

140 1192 177 1248 dc
190 1191 316 1248 maxima
329 1210 359 1248 re
373 1198 454 1248 tanta
467 1190 614 1248 dissensio.
655 1195 700 1248 15.
716 1189 802 1258 Quod
816 1209 880 1246 cnm
896 1207 980 1266 saepo

140 1271 209 1328 alias
222 1279 286 1329 tum
300 1271 423 1329 maxime
438 1270 634 1341 animadverti,
647 1289 712 1327 cum
726 1269 803 1346 apud
818 1269 850 1328 O.
863 1269 979 1327 Cottam

139 1351 310 1410 familiarem
325 1371 424 1409 meum
441 1357 571 1408 accurate
588 1369 655 1408 sane
671 1357 701 1408 et
714 1350 867 1426 diligenter
883 1350 919 1407 de
935 1349 981 1406 dis

139 1431 351 1490 immortalibus
368 1432 546 1509 disputatum
563 1437 614 1488 est.
657 1429 732 1487 Nam
750 1449 815 1486 cum
833 1429 913 1486 feriis
930 1429 981 1486 La-

140 1513 209 1570 tinis
230 1513 352 1570 adeum
373 1513 464 1589 ipsius
487 1518 591 1587 rogatu
615 1510 807 1586 arcessituque
829 1509 978 1580 venissem,

141 1592 250 1650 offendi
264 1611 329 1650 cum
345 1592 490 1650 sedentem
508 1592 538 1648 in
557 1589 680 1648 exhedra
697 1597 808 1648 etcum
825 1588 980 1646 avelleio

141 1680 271 1730 senatore
285 1672 489 1750 disputantem,
502 1671 538 1728 ad
553 1690 638 1748 quem
652 1677 715 1728 tum
727 1669 859 1747 Epicurei
874 1670 981 1747 primas

140 1773 175 1810 ex
192 1753 297 1810 nostris
314 1752 480 1810 hominibus
496 1751 672 1809 deferebant.
713 1750 824 1808 Aderat
841 1751 927 1807 ctiam
945 1749 979 1819 Q„

140 1832 267 1890 Lucilius
287 1833 404 1904 Balbus,
420 1833 470 1910 qui
489 1839 587 1889 tantos
611 1849 777 1909 progressus
801 1830 925 1888 habebat
949 1831 980 1887 in

140 1913 254 1984 Stoicis,
270 1922 303 1970 ut
324 1932 389 1970 cum
411 1912 614 1970 excellentibus
634 1913 665 1968 iu
686 1931 720 1969 eo
741 1930 844 1984 ponere
865 1910 981 1968 Graecis

140 2000 360 2070 compararetur.
402 1991 486 2064 Tum,
498 1999 532 2049 ut
545 2011 592 2049 me
606 1991 694 2049 Cotta
707 1992 797 2048 vidit:
821 1990 981 2068 Peroppor-

141 2082 218 2145 tune,
233 2073 336 2151 inquit,
353 2074 439 2130 venis.
481 2071 581 2130 Oritur
597 2072 673 2129 enim
691 2071 763 2128 mihi
780 2090 885 2148 magna
898 2071 934 2128 de
950 2090 981 2128 re

141 2153 287 2212 altercatio
308 2172 374 2211 cum
391 2152 512 2223 Vellei0,
528 2153 574 2209 cui
594 2171 647 2229 pro
667 2159 719 2208 tuo
741 2150 837 2208 studio
858 2170 916 2208 non
937 2158 982 2209 est

141 2235 265 2292 alienum
280 2241 308 2291 te
324 2235 465 2293 interesse.
509 2233 576 2291 Vll.
618 2237 662 2288 16.
681 2231 773 2308 Atqui
785 2229 857 2286 mihi
869 2247 982 2306 quoque

141 2315 248 2383 videor,
267 2315 393 2391 iuquam,
411 2314 529 2384 venisse,
547 2319 581 2370 ut
601 2312 681 2383 dicis,
700 2316 871 2386 opportune.
913 2307 982 2364 Tres

141 2395 218 2451 enim
233 2395 320 2452 trium
335 2393 546 2471 disciplinarum
563 2393 707 2469 principes
721 2389 901 2447 convenistis.
941 2387 979 2444 M.

142 2474 211 2532 Piso
229 2475 252 2531 si
268 2475 387 2543 adesset,
404 2473 509 2531 nullius
525 2471 733 2549 philosophiae,
749 2489 845 2527 earum
866 2467 981 2545 quidem

143 2569 216 2628 quae
239 2551 270 2608 in
294 2550 403 2608 honore
428 2555 502 2619 sunt,
521 2555 632 2606 vacaret
652 2548 739 2606 locus.
781 2549 856 2606 Tum
878 2548 982 2606 Cotta:

142 2631 183 2703 Si,
198 2630 302 2706 inquit,
318 2629 390 2687 liber
403 2627 543 2687 Antiochi
559 2628 659 2699 nostri,
676 2629 725 2705 qui
739 2627 774 2686 ab
789 2648 823 2686 eo
839 2647 930 2705 nuper
946 2629 983 2685 ad

142 2711 220 2768 hunc
230 2709 355 2768 Balbum
367 2709 470 2767 missus
484 2715 535 2780 est,
545 2727 611 2766 vera
621 2708 756 2786 loquitur,
768 2707 838 2764 nihil
850 2709 983 2785 estquod

142 2791 280 2850 Pisonem
291 2789 461 2848 familiarem
472 2797 553 2848 tuum
566 2788 714 2846 desideres.
747 2787 894 2845 Antiocho
906 2789 982 2846 cuim

142 2871 235 2929 Stoici
251 2889 316 2930 cum
337 2869 537 2946 Peripateticis
555 2889 585 2926 re
604 2868 754 2926 concinere
771 2868 912 2940 videntur,
924 2888 984 2926 ver-

142 2951 188 3008 bis
202 2951 378 3027 discrepare:
401 2970 458 3027 quo
472 2950 508 3006 de
522 2948 605 3020 libre,
617 2947 715 3018 Balbe,
728 2946 813 3005 velim
827 2948 897 3005 scire
912 2949 981 3025 quid

143 3031 258 3088 sentias.
294 3031 412 3107 Egone?
432 3029 528 3106 inquit
541 3027 597 3085 ille.
636 3027 725 3083 Miror
735 3027 922 3098 Antiochum,
934 3028 983 3085 lm·

142 3112 252 3169 minem
269 3111 299 3167 in
316 3111 417 3188 primis
433 3117 558 3178 acutum,
573 3126 632 3163 non
649 3106 754 3163 vidisse
770 3107 905 3164 interesse
921 3106 983 3182 plu-

143 3192 249 3254 rimum
270 3191 346 3249 inter
362 3189 483 3260 Stoicos,
500 3187 549 3260 qui
566 3186 686 3244 honesta
706 3205 723 3243 a
743 3185 902 3244 commodis
923 3204 982 3242 non
