2242 3436
131 139 179 187 112
354 135 404 184 DE
421 134 571 196 NATURA
587 133 749 184 DEORUM.

130 240 172 299 rit
217 237 292 295 Tum
313 237 417 296 Cotta:
443 236 625 308 Rumoribus,
644 237 747 313 inquit,
767 255 881 294 mecum
902 255 975 392 pug-

131 339 190 391 nae,
207 317 307 390 Balbe,
325 337 379 395 ego
400 324 497 376 autem
515 337 533 374 a
550 324 580 375 te
598 317 723 374 rationes
739 317 860 394 requiro.
918 317 975 374 De·

130 407 267 456 contacta
280 399 346 454 null
365 395 386 475 .]

171 478 224 536 VI.
269 483 314 535 14.
337 477 503 554 Sequuntur
519 495 591 554 quae
606 476 704 533 futura
721 483 796 533 sunt.
838 475 976 554 Effugere

131 559 208 616 enim
223 577 309 615 nemo
324 558 353 615 id
369 564 473 633 potest,
486 557 564 634 quod
578 556 709 614 futurum
725 563 775 613 est.
819 554 910 633 Saepe
927 576 976 613 au-

130 646 190 695 tem
205 637 326 695 neutile
344 636 460 714 quidem
475 644 519 694 est
533 636 604 693 scire
618 635 688 713 quid
702 636 833 692 futurum
848 636 900 693 sit:
922 637 976 692 mi-

131 737 225 774 serum
247 723 291 774 est
311 717 387 774 enim
409 715 481 772 nihil
497 715 696 793 proficientem
715 715 782 792 angi
800 734 852 772 uec
869 715 975 773 habere

131 817 167 854 ne
185 797 246 874 spei
263 796 380 874 quidem
397 802 556 854 extremum
573 802 715 853 ettamen
732 814 885 852 commune
903 796 975 852 sola·

131 878 216 947 cium,
229 876 395 953 praesertim
411 894 477 933 cum
493 895 543 933 vos
553 876 641 933 iidem
652 876 714 933 fato
728 873 789 932 fieri
801 875 903 932 dicatis
915 895 976 932 om-

131 957 187 1027 nia,
204 955 282 1033 quod
298 962 394 1013 autem
412 955 524 1032 semper
540 975 574 1012 ex
594 955 673 1012 omni
690 955 858 1013 aeternitate
875 975 974 1012 verum

131 1037 227 1108 fuerit,
239 1036 271 1092 id
285 1055 345 1093 esse
358 1035 460 1093 fatum.
500 1035 578 1104 Quid
588 1035 678 1110 igitur
688 1035 767 1092 iuvat
781 1042 831 1092 aut
846 1035 916 1111 quid
926 1035 975 1092 ad-

131 1116 190 1174 fert
203 1116 240 1173 ad
254 1116 412 1173 cavendum
429 1116 499 1173 scire
516 1115 625 1192 aliquid
638 1115 777 1186 futurum,
790 1134 856 1172 cum
872 1114 903 1172 id
916 1134 976 1172 cer·

131 1204 161 1254 te
178 1197 308 1254 futurum
328 1196 383 1253 sut
423 1194 511 1254 Unde
528 1215 614 1273 porro
631 1195 687 1252 ista
703 1195 861 1253 divinatio?
902 1194 975 1263 Quis

132 1277 242 1334 invenit
255 1275 353 1333 fissum
368 1276 488 1333 iecoris?
509 1276 572 1352 quis
586 1275 707 1333 cornicis
721 1282 836 1332 cantum
852 1275 974 1346 notavit,

133 1357 197 1434 quis
208 1357 314 1414 sortes?
328 1356 432 1433 quibus
442 1374 496 1433 ego
508 1355 601 1426 credo,
612 1374 663 1412 nec
674 1374 792 1432 possum
803 1355 868 1412 Atti
878 1353 974 1424 Navii,

133 1457 218 1515 quem
233 1435 485 1507 commemorabas,
497 1435 601 1492 lituum
618 1443 808 1492 contemnere.
851 1433 908 1493 Sed
923 1435 976 1512 qui

131 1518 188 1575 ista
203 1516 348 1575 intellecta
364 1516 422 1573 siut
436 1535 453 1573 a
465 1513 647 1592 philosophis
661 1514 751 1572 debeo
766 1515 881 1585 discere,
894 1534 975 1592 prae-

132 1597 231 1655 sertim
246 1616 310 1654 cum
325 1595 456 1673 plurimis
470 1596 506 1653 de
520 1595 604 1653 rebus
618 1594 709 1651 divini
725 1595 772 1652 isti
787 1595 973 1653 mentiantur.

134 1683 180 1734 15.
196 1677 239 1734 At
251 1676 356 1733 medici
371 1675 567 1752 quoque-ita
581 1675 657 1732 euim
672 1674 910 1752 dicebas-saepe
922 1675 977 1732 fal-

132 1757 238 1814 luntur.
272 1755 350 1824 Quid
361 1754 452 1812 simile
463 1755 613 1825 medicina,
627 1755 707 1812 euius
718 1774 771 1831 ego
782 1755 923 1812 rationem
935 1755 977 1811 vi·
991 1823 995 1829 Ι

133 1837 197 1908 deo,
213 1843 242 1893 et
262 1835 410 1902 divinatio,
426 1854 498 1911 qnae
519 1835 596 1892 unde
617 1835 725 1891 oriatur
745 1854 804 1891 nou
821 1834 977 1912 intellego?

132 1916 179 1973 Tu
205 1922 301 1973 autern
330 1915 416 1972 etiam
439 1913 594 1971 Deciorum
619 1914 822 1972 devotionibus
844 1915 977 1992 placatos

134 1996 203 2053 deos
220 2015 280 2052 esse
297 2014 401 2052 censes,
444 1993 524 2062 Quae
540 1994 598 2051 fuit
614 2013 713 2052 eorum
730 2001 811 2052 tanta
826 1995 975 2072 iniquitate,

133 2083 166 2132 ut
183 2074 287 2153 placari
302 2074 410 2152 populo
427 2073 559 2132 Romano
576 2093 636 2130 non
652 2083 777 2150 possent,
793 2075 848 2132 nisi
865 2076 919 2133 viri
934 2083 978 2133 ta-

132 2156 174 2213 les
189 2155 377 2213 occidissent?
416 2154 575 2212 Consilium
590 2153 661 2211 illud
675 2155 891 2232 imperatorium
906 2156 975 2228 fuit,

134 2235 213 2314 quod
227 2235 327 2292 Graeci
345 2236 524 2310 στρατήγημα
541 2233 694 2311 appellant,
707 2235 757 2293 sed
772 2254 870 2293 eorum
884 2236 978 2312 impe-

133 2323 270 2385 ratorum,
287 2315 335 2393 qui
359 2316 467 2393 patriae
495 2314 682 2385 consulerent,
698 2315 773 2373 vitae
797 2335 855 2373 non
880 2335 978 2392 parce

133 2403 212 2452 rent:
233 2395 368 2452 rebantur
388 2396 464 2453 euim
485 2395 548 2451 fore
565 2400 599 2451 ut
615 2395 754 2453 exercitus
772 2396 976 2472 imperatorem

134 2495 208 2553 equo
229 2475 348 2533 incitato
370 2495 399 2532 se
415 2477 446 2532 in
462 2474 575 2531 hostem
597 2474 802 2533 immittentem
826 2494 977 2553 perseque-

132 2565 219 2626 retur,
234 2554 265 2611 id
283 2555 361 2632 quod
377 2554 479 2612 evenit.
522 2554 597 2611 Nam
616 2554 706 2611 Fauni
723 2574 822 2612 vocem
839 2556 975 2632 equidem

133 2653 291 2712 numquam
309 2635 421 2692 audivi:
442 2633 505 2704 tibi,
518 2634 542 2690 si
557 2634 697 2692 audivisse
711 2641 740 2692 te
758 2635 837 2706 dicis
850 2635 974 2706 credam,

134 2715 189 2772 etsi
203 2714 316 2770 Faunus
331 2715 449 2770 omuino
468 2714 537 2790 quid
552 2715 590 2771 sit
603 2716 706 2772 nescio.
749 2714 816 2772 VII.
840 2714 907 2771 Nou
922 2715 976 2791 igi-

135 2799 182 2849 tur
198 2792 299 2862 adhuc,
313 2800 451 2869 quantum
463 2794 585 2869 quidem
599 2794 631 2850 in
644 2801 673 2850 te
690 2800 741 2864 est,
754 2793 853 2864 Balbe,
866 2794 976 2852 intelle

135 2891 173 2948 go
188 2871 257 2927 deos
274 2889 342 2942 esse,
355 2891 426 2949 quos
444 2873 576 2949 equidem
591 2873 675 2930 credo
693 2893 761 2943 esse,
774 2873 823 2930 sed
838 2873 911 2931 nihil
925 2873 976 2931 do-

135 2957 201 3007 cent
223 2949 320 3007 Stoici.
366 2956 410 3007 16.
433 2951 507 3008 Nam
530 2951 690 3022 Cleanthes
706 2960 739 3009 ut
756 2953 877 3022 dicebas
894 2962 976 3031 quat

135 3036 203 3085 tuor
218 3029 313 3086 modis
329 3030 467 3088 formatas
481 3031 510 3087 in
526 3032 629 3088 animis
642 3031 793 3088 homiuum
808 3040 892 3109 putat
909 3033 977 3090 deo·

163 3128 199 3163 m
215 3127 275 3165 esse
289 3110 428 3167 notiones.
470 3111 554 3168 Unus
565 3111 590 3167 is
603 3110 706 3167 modus
720 3118 771 3181 est,
784 3111 819 3168 de
834 3131 890 3188 quo
906 3114 977 3170 satis

188 3188 206 3259 i,
219 3188 269 3266 qui
283 3196 325 3248 est
340 3196 487 3271 susceptus
500 3210 534 3247 ex
549 3190 747 3268 praesensione
762 3209 855 3247 rerum
867 3191 977 3252 futura·
