2224 3446
130 134 179 181 212
391 133 441 181 Du
457 133 709 186 DIVINATIONE.

241 232 309 280 Nam
320 242 390 294 pater
401 232 534 281 altitonans
546 233 655 282 stellanti
666 234 741 282 nixus
753 235 861 299 Olympo

238 298 294 359 lpse
306 313 364 346 suos
376 299 501 359 quondam
513 298 620 348 tumulos
632 314 662 348 ac
673 299 765 363 templa
775 302 862 364 petivit

239 363 274 412 Et
285 363 431 426 Capitolinis
441 363 525 412 iniecit
535 364 633 413 sedibus
644 366 720 426 ignes.

129 467 204 525 Tum
218 474 312 526 statua
326 468 438 539 Nattae,
451 475 513 526 tum
529 467 679 528 simulacra
689 470 808 528 deorum
820 471 972 530 Romulus-

129 566 185 624 que
199 554 228 606 et
241 547 349 606 Remus
364 567 429 606 curn
444 549 541 606 altrice
555 548 639 607 belua
652 550 681 606 vi
695 550 827 608 fulminis
839 552 891 609 icti
904 572 972 610 con-

128 628 267 699 ciderunt,
280 629 372 704 deque
386 627 432 685 his
445 628 531 686 rebus
544 629 728 706 haruspicum
745 632 915 689 exstiterunt
928 652 972 690 re-

128 727 234 784 sponsa
253 709 407 766 verissima
450 712 497 766 46.
523 708 654 766 Mirabile
676 717 772 767 autem
793 711 871 782 illud,
891 713 972 788 quod

128 806 162 844 eo
176 787 240 863 ipso
254 794 392 864 tempore,
405 803 463 864 quo
477 787 557 846 fieret
568 789 707 847 indicium
722 791 928 848 coniurationis
938 793 970 849 in

128 874 236 938 senatu,
250 867 363 943 signum
378 867 455 925 Iovis
465 868 583 926 biennio
597 875 664 946 post
676 889 761 946 quarn
773 879 833 929 erat
842 871 971 929 locatum

126 947 157 1004 in
178 945 323 1023 Capitolio
344 947 543 1006 collocabatur.
588 949 659 1006 “Tu
676 951 766 1026 igitur
783 951 910 1008 animum
928 952 972 1008 in-

127 1027 294 1084 duces-sic
322 1027 399 1084 enim
420 1048 533 1086 mecum
555 1029 813 1106 agebas—causam
834 1031 918 1087 istam
941 1040 973 1088 et

126 1113 227 1164 contra
242 1107 320 1164 facta
333 1115 383 1164 tua
397 1115 426 1166 et
440 1115 540 1165 contra
553 1109 659 1186 scripta
673 1109 827 1168 defendere
836 1109 863 1168 l''
905 1111 972 1168 Fra·

126 1193 170 1244 ter
183 1205 230 1244 es:
252 1206 286 1244 eo
302 1207 408 1245 vereor.
451 1188 561 1246 Verum
576 1189 646 1266 quid
660 1189 714 1246 tibi
729 1189 775 1246 hic
788 1190 906 1248 tandem
920 1210 973 1247 no·

126 1268 190 1324 eetl
210 1286 299 1337 resne,
313 1287 385 1344 quae
398 1267 464 1325 talis
478 1275 529 1339 est,
543 1288 580 1325 an
594 1288 657 1345 ego,
670 1270 720 1346 qui
733 1289 832 1327 verum
849 1270 972 1346 explica-

126 1348 151 1404 ri
167 1348 252 1405 volol
292 1347 394 1424 Itaque
408 1348 480 1405 nihil
495 1355 595 1405 contra
611 1349 685 1419 dico,
698 1369 715 1406 a
728 1356 758 1406 te
771 1350 913 1407 rationem
927 1357 973 1408 to-

126 1428 184 1485 tius
198 1427 396 1504 haruspicinae
406 1435 481 1505 peto,
516 1428 574 1485 Sed
589 1435 617 1486 te
627 1428 777 1486 mirificam
787 1430 818 1487 in
829 1429 969 1486 latebram

127 1508 282 1565 coniecisti.
324 1507 410 1576 Quod
424 1509 500 1564 enim
516 1508 697 1585 intellegeres
709 1509 773 1566 fore
786 1515 820 1566 ut
830 1528 973 1586 premere

126 1606 164 1659 re,
177 1607 243 1645 cum
260 1607 295 1644 ex
308 1594 338 1644 te
355 1607 453 1644 causas
466 1587 551 1645 unius
568 1589 705 1665 cuiusque
722 1589 907 1646 divinationis
924 1609 972 1646 ex-

127 1669 276 1745 quirerem,
289 1667 380 1724 multa
396 1667 481 1724 verba
497 1667 594 1726 fecisti
607 1675 644 1739 te,
657 1688 723 1726 cum
736 1688 781 1728 res
798 1669 917 1739 videres,
929 1689 972 1726 ra-

126 1749 236 1805 tionem
251 1767 422 1824 causamque
436 1767 495 1804 non
510 1767 651 1824 quaerere,
665 1749 735 1824 quid
745 1747 833 1819 fieret,
846 1769 905 1809 non
920 1769 973 1806 cur

126 1827 215 1899 fieret,
227 1828 264 1885 ad
280 1847 340 1885 rem
357 1828 508 1904 pertinere.
550 1826 639 1895 Quasi
656 1847 710 1905 ego
728 1835 777 1886 aut
793 1828 854 1886 fieri
871 1848 972 1886 conce-

127 1908 224 1965 derem
238 1914 288 1965 aut
302 1915 375 1964 esset
385 1907 552 1984 philosophi
562 1927 676 1965 eausam
691 1928 741 1968 cur
752 1908 879 1985 quidque
889 1907 972 1966 fieret

126 2007 185 2046 non
201 2006 341 2064 quaerere.
385 1987 431 2045 47.
453 1987 492 2044 Et
506 2006 541 2044 eo
556 1987 673 2064 quidem
687 1988 751 2046 loco
766 1995 796 2046 et
808 1989 973 2065 prognosti-

127 2087 160 2125 ca
173 2075 271 2125 nostra
285 2066 491 2143 pronuntiabas
505 2073 534 2124 et
544 2086 649 2143 genera
658 2067 820 2138 herbarum,
833 2087 972 2124 scammo-

127 2167 211 2206 neam
228 2147 496 2224 aristolochiamque
512 2146 647 2218 radicem,
660 2167 780 2224 quarum
798 2167 911 2205 causam
928 2149 972 2224 ig-

127 2247 249 2299 norares,
267 2228 327 2284 vim
348 2234 377 2284 et
398 2227 533 2284 effectum
554 2227 673 2285 videres.
715 2227 800 2284 XXI.
822 2227 972 2285 Dissimile

126 2315 230 2366 totum.
273 2307 348 2364 Nam
374 2314 403 2364 et
427 2307 678 2383 prognosticorum
706 2326 804 2365 sarisas
828 2308 971 2383 persecuti

127 2396 195 2445 sunt
211 2394 240 2446 et
254 2387 386 2445 Boethus
408 2386 530 2458 Stoicus,
546 2387 596 2464 qui
612 2395 656 2444 est
672 2407 689 2444 a
705 2394 735 2444 te
751 2388 925 2458 nominatus,
942 2395 972 2445 et

127 2476 225 2525 noster
238 2467 324 2526 etiam
336 2467 518 2537 Posidonius,
531 2473 561 2523 et
575 2466 599 2522 si
613 2485 712 2525 causae
724 2487 782 2524 non
793 2467 973 2544 reperiantur

127 2548 246 2606 istarum
263 2567 366 2618 rerum,
376 2566 421 2604 res
434 2556 531 2604 tamen
546 2546 624 2623 ipsae
638 2547 781 2604 observari
795 2547 969 2604 animadver-

127 2629 207 2705 tique
224 2634 352 2704 possunt.
395 2627 502 2684 Nattae
521 2645 589 2683 vero
610 2633 704 2684 statua
724 2633 774 2684 aut
793 2645 858 2684 aera
874 2627 969 2702 legum

128 2707 164 2764 de
178 2707 255 2764 caelo
270 2713 347 2764 tacta
361 2707 430 2784 quid
441 2706 549 2763 habent
563 2705 744 2765 observatum
759 2725 793 2763 ac
806 2707 972 2764 vetustum?

127 2786 237 2843 Pinarii
248 2785 353 2844 Nattae
364 2785 491 2843 nobiles:
513 2805 531 2842 a
541 2785 692 2844 nobilitate
703 2787 793 2862 igitur
802 2784 969 2863 periculum.

128 2865 193 2922 Hoc
214 2873 274 2922 tam
292 2865 393 2922 callide
410 2865 542 2942 Iuppiter
562 2866 718 2942 cogitavit!
759 2865 900 2923 Romulus
917 2865 973 2922 lac·

128 2951 191 3001 tens
204 2945 326 3002 fulmine
341 2946 431 3002 ictus:
453 2944 517 3002 urbi
528 2945 617 3019 igitur
627 2945 785 3022 periculum
801 2945 971 3016 ostenditur,

128 3024 155 3080 ei
178 3042 263 3099 quam
280 3024 328 3080 ille
351 3024 489 3080 condidit.
532 3024 625 3092 Quam
648 3026 718 3082 scite
740 3044 792 3101 per
812 3033 896 3082 notas
917 3044 973 3082 nos

128 3103 261 3159 certiores
275 3103 345 3158 facit
356 3101 503 3179 Iuppiter!
541 3104 584 3160 At
598 3104 700 3162 eodem
710 3112 840 3180 ternpore
855 3105 972 3181 signum

129 3179 206 3237 lovis
226 3180 424 3250 collocabatur,
442 3201 500 3252 quo
520 3183 680 3239 coniuratio
701 3182 890 3241 indicabatur.
934 3184 972 3241 Et
