2242 3436
276 125 346 174 mn.
358 123 496 184 11.,cnr.
507 123 841 186 xnv11.-n.‚srrr-1ro.
947 128 978 174 or

139 225 407 317 vidcrcpotuerunt.
441 225 563 282 Tantam
573 225 705 302 incanuit
713 225 905 284 animantibus
915 246 980 284 con-

138 306 271 364 servandi
287 306 332 363 sui
348 313 450 361 natura
466 304 635 362 custodiam.
677 305 787 363 XLIX,
805 306 875 382 Legi
893 307 980 364 etiam

138 386 227 462 script
229 405 278 443 um
292 404 352 443 esse
366 404 446 442 avem
467 383 619 462 quandam,
632 403 704 461 quae
718 385 839 462 platalea
852 387 980 443 nomina·

137 473 232 524 retur:
255 485 318 522 cam
335 456 390 522 sibi
407 464 503 522 cibum
521 483 655 542 quaerere
675 463 855 522 advolantem
877 465 915 522 ad
933 485 980 522 eas

137 565 212 615 aves,
225 565 297 638 quae
313 564 343 602 sc
359 545 390 601 in
406 545 479 602 mari
496 551 665 620 mergerent,
678 563 749 621 quac
771 563 837 602 cum
854 546 979 602 emersis

137 633 202 683 sent
222 626 387 702 piscemque
408 624 549 700 cepissent
551 643 660 701 ,usque
681 643 715 682 eo
734 643 862 701 premere
882 644 979 682 carum

137 706 233 797 capita
241 705 393 776 mordiens,
402 705 471 762 dum
481 704 545 761 illac
555 711 671 781 captum
680 705 852 776 amitterent
861 704 892 761 id
901 705 980 781 quod

137 805 201 863 rpsa
209 785 362 843 invaderet
396 784 563 861 Eademque
571 783 641 842 haec
652 803 711 841 avrs
720 783 852 842 scribitur
862 784 979 842 conchis

137 885 168 922 se
182 866 271 924 solere
286 864 437 942 complere,
447 883 494 922 eas
504 883 569 921 curn
586 864 726 922 stomachi
737 864 829 922 calore
843 883 979 922 concoxe

136 946 184 1015 rit,
197 964 327 1003 evomere
344 951 430 1022 atque
447 945 488 1002 ita
505 944 609 1020 eligere
626 963 660 1001 ex
677 944 713 1000 iis
730 963 801 1021 quae
818 952 886 1001 sunt
902 963 979 1002 escu-

135 990 196 1082 lerit
184 1033 221 1082 ta
266 1030 331 1082 125.
349 1025 446 1082 Ranae
460 1030 557 1081 autem
571 1024 696 1082 marinae
711 1024 846 1082 dicuntur
859 1023 978 1082 obrucre

136 1124 198 1163 sese
214 1105 320 1162 harena
338 1104 476 1162 soleret
447 1111 476 1162 et
492 1104 601 1161 moveri
618 1122 708 1181 prope
727 1123 839 1181 aquam,
854 1104 892 1161 ad
908 1123 978 1181 quas

136 1186 218 1262 qnasi
229 1185 265 1242 ad
276 1204 368 1242 escam
383 1185 476 1262 pisces
490 1203 555 1242 cum
570 1184 745 1254 accesserint,
756 1183 857 1241 confici
871 1203 888 1241 a
902 1185 978 1241 ranis

135 1274 223 1343 atquc
244 1265 382 1323 consumi.
425 1264 515 1322 Miluo
537 1271 580 1322 est
602 1264 747 1355 quoddam
767 1263 875 1321 bellum
896 1264 978 1341 quasi

134 1345 263 1404 naturale
280 1364 345 1402 curn
363 1363 465 1402 corv:o
488 1363 556 1421 ergo
578 1344 649 1401 alter
668 1344 708 1401 alt
696 1344 783 1401 etrius
804 1343 977 1420 ubicumque

134 1433 236 1482 nactus
260 1433 303 1483 est
328 1445 382 1482 ova
405 1425 522 1501 frangit
574 1423 651 1481 Illud
673 1442 738 1481 vero
764 1423 800 1480 ab
820 1423 977 1480 Aristotele

134 1505 372 1577 animadversum,
388 1525 405 1562 a
424 1524 481 1582 quo
471 1469 640 1582 pleraque,
657 1504 721 1580 quis
737 1509 834 1580 potest
849 1521 908 1559 non
925 1503 977 1560 mi·

133 1586 221 1643 raril'
241 1584 332 1643 Grues
346 1604 411 1643 curn
424 1586 486 1642 loca
500 1584 635 1642 calidiora
645 1591 775 1661 petentes
789 1583 878 1641 maria
888 1590 977 1640 trans-

133 1665 260 1735 mittant,
271 1663 407 1742 trianguli
417 1664 527 1723 efficere
537 1665 670 1735 formam,
681 1664 741 1722 eius
755 1671 851 1721 autern
862 1683 976 1721 summo

134 1746 240 1822 angulo
254 1753 304 1803 aer
318 1746 353 1803 ab
368 1746 404 1803 iis
418 1746 552 1803 adversus
565 1744 690 1822 pellitur,
702 1744 806 1802 deinde
820 1744 924 1801 sensim
939 1743 976 1801 ab
1044 1805 1047 1810 ,

133 1832 256 1903 utroque
270 1826 522 1902 latere,tamquam
536 1825 631 1894 remis,
641 1825 683 1881 ita
692 1824 794 1901 pennis
808 1843 906 1881 cursus
920 1825 976 1882 avi-

134 1925 184 1962 um
204 1906 320 1963 levatur.
362 1905 446 1963 Basis
466 1911 562 1962 autem
583 1904 727 1981 trianguli,
744 1923 829 1981 quem
850 1903 976 1964 efficiunt

133 2005 226 2062 grues,
239 2005 272 2043 ea
285 1993 433 2063 tamquam
451 2004 467 2042 a
483 1985 575 2062 puppi
589 1985 682 2041 ventis
699 1984 857 2056 adiuvatur,
870 2003 975 2062 eaeque

133 2066 163 2122 in
175 2073 256 2142 tergo
268 2065 495 2143 praevolantium
506 2064 580 2121 colla
590 2071 619 2122 ct
630 2064 724 2141 capita
735 2072 886 2141 reponunt,
897 2065 976 2141 quod

133 2146 201 2223 quia
215 2147 276 2222 ipse
293 2146 352 2203 dux
366 2145 460 2203 facere
477 2164 536 2202 non
553 2151 658 2221 potest,
671 2144 738 2221 quia
754 2164 812 2201 non
827 2143 914 2202 habet
928 2146 976 2202 cui

132 2226 280 2297 innitatur,
292 2225 408 2296 revolat,
420 2231 454 2283 ut
471 2225 532 2302 ipse
550 2243 663 2302 quoque
680 2224 815 2301 quiescat.
858 2223 893 2281 In
914 2225 975 2282 eins

132 2305 227 2363 locum
243 2305 370 2363 succedit
384 2325 418 2362 ex
433 2305 477 2376 iis,
490 2323 562 2382 qnae
579 2304 754 2381 acquierunt,
767 2323 856 2380 eaque
869 2305 975 2362 vicissi-

131 2386 204 2443 tudo
225 2386 255 2443 ιιι
277 2385 358 2442 omni
374 2404 457 2442 cursu
479 2392 670 2442 conservatur.
713 2389 779 2440 126.
802 2384 894 2441 Multa
914 2385 975 2441 eius

131 2466 212 2523 modi
223 2465 351 2542 proferre
362 2483 487 2542 possum,
497 2463 546 2522 sed
557 2483 648 2540 genus
661 2464 756 2540 ipsum
767 2463 878 2520 videtis.
912 2460 974 2520 lain

131 2565 198 2603 vero
215 2545 264 2602 illa
282 2545 370 2603 ctiam
390 2545 511 2615 notiora,
525 2551 633 2621 quanto
654 2562 683 2601 se
705 2562 790 2620 opere
811 2543 975 2601 custodiant

130 2624 247 2696 bestiae,
260 2632 293 2683 ut
313 2625 344 2681 iu
365 2632 449 2702 pastu
470 2624 716 2699 circumspectant,
729 2629 761 2680 ut
781 2623 811 2679 in
833 2621 974 2680 cubilibus

131 2704 301 2763 delitiscent.
344 2704 375 2761 L.
388 2705 487 2781 Atque
508 2704 557 2760 illa
576 2702 734 2760 mirabilia:
758 2703 827 2779 quid
848 2721 888 2773 ca,
902 2721 974 2779 quac

130 2804 229 2862 nuper,
242 2785 273 2841 id
288 2790 339 2855 est,
349 2784 447 2861 paucis
461 2791 528 2841 ante
542 2783 649 2854 saeclis,
659 2783 836 2840 medicorum
850 2782 974 2859 ingeniis

39 2898 43 2905 ·
77 2867 81 2873 ’
129 2872 242 2942 reperta
263 2866 348 2922 suntl
385 2864 555 2923 Vomitione
576 2882 667 2933 canes,
685 2862 855 2939 purgatione
877 2870 973 2920 autern

129 2945 209 3002 alvos
225 2944 289 3002 ibes
304 2943 468 3021 Aegyptiac
485 2949 593 3000 curant.
636 2942 779 2999 Auditum
797 2949 840 3000 est
856 2941 974 3018 panthe-

129 3044 182 3095 ras,
198 3043 272 3102 quac
288 3025 319 3081 in
336 3024 465 3082 barbaria
478 3030 618 3080 venenata
638 3041 721 3079 carne
742 3030 918 3098 caperentur,
933 3042 974 3079 re

129 3104 259 3161 medinm
275 3104 421 3182 quoddam
436 3102 617 3179 habereque
635 3120 701 3158 cum
718 3109 813 3159 csscnt
827 3121 901 3173 usae,
913 3121 972 3158 non

130 3191 316 3256 morerentur,
327 3203 427 3259 capras
442 3189 538 3241 autern
556 3183 586 3238 in
603 3181 689 3239 Creta
701 3181 787 3254 feras,
797 3201 863 3240 cum
879 3188 972 3240 essent
