2220 3432
123 116 157 163 30
349 117 398 166 DE
415 117 566 167 NATURA
581 117 741 170 DEORUM.

222 214 390 265 Constiteram
401 217 555 266 exorientem
567 217 691 266 Auroram
705 218 768 266 sorta
780 217 899 281 salutans,

255 281 319 330 Cum
333 283 413 330 subito
424 298 440 329 a
450 283 520 330 laeva
531 282 636 330 Roscius
647 284 768 343 exoritur,

221 345 289 394 Pace
302 347 364 394 mihi
375 348 456 408 liceat,
467 347 591 408 caelestes,
602 348 684 396 dicere
694 357 783 408 vestra,

254 412 369 460 Mortalis
380 413 446 461 visus
458 413 582 476 pulchrior
593 427 646 462 esse
658 413 712 462 dec.

124 533 265 592 Huic'deo
275 533 434 610 pulchrior:
453 541 482 591 at
494 541 561 605 erat,
571 534 645 591 sicut
655 534 742 592 hodie
754 542 796 593 est
798 537 970 612 ,perversis-

124 614 204 672 simis
221 613 318 671 oculis.
362 613 439 682 Quid
459 634 489 671 re
491 614 555 682 f,ert
572 634 596 670 ει
587 614 689 672 hoc'
682 634 778 690 ipsum
799 615 905 674 salsum
923 617 969 674 illi

124 703 153 750 et
167 701 319 751 venustum
335 694 449 752 videbat
437 695 501 751 turl
543 694 641 751 Redeo
656 695 692 751 ad
707 695 783 752 deos

164 773 279 831 XXIX.
331 779 377 832 80.
400 774 523 850 Ecquos,
542 775 566 832 si
591 793 649 831 nou
674 781 787 832 tarnt
760 775 917 847 strabones
937 784 969 833 at

123 855 254 930 paetulos
277 873 337 911 esse
359 853 548 912 arbitramurl
577 873 682 931 ecquos
704 874 825 912 naevum
846 855 969 914 haberet

93 957 96 963 ·
124 953 230 1011 ecquos
251 933 326 1006 siloe,
338 934 450 1005 flaccoS,
462 935 621 1005 frontones,
637 935 792 1012 capitones,
806 954 878 1012 quae
900 945 968 994 sunt

124 1013 155 1070 in
169 1013 271 1071 nobisl
312 1015 360 1071 An
378 1015 475 1072 omnia
494 1015 645 1072 emendata
661 1015 692 1072 in
709 1014 784 1072 illisl
825 1015 919 1073 Detur
935 1016 968 1074 id

124 1093 213 1151 vobis.
256 1094 384 1151 Numt
356 1097 443 1152 etiarn
460 1103 577 1153 estune
594 1095 724 1152 omniurn
740 1095 849 1152 faciest
890 1095 968 1153 Nam

125 1171 149 1230 ει
140 1174 262 1251 ',plures
273 1175 356 1231 aliam
369 1195 429 1232 esso
421 1174 495 1232 alia
503 1175 695 1252 pulchriorem
706 1194 819 1232 necesse
831 1182 881 1234 est.
911 1175 969 1252 Igi-

123 1261 171 1312 tur
185 1254 288 1331 aliquis
302 1275 360 1311 nou
375 1254 582 1331 pulcherrimus
597 1255 674 1312 deus
718 1254 750 1312 Si
763 1275 821 1312 una
835 1255 968 1315 omnium

123 1334 212 1392 iacies
233 1342 284 1405 est,
264 1334 424 1392 t'florere
417 1355 447 1391 rn
469 1335 547 1392 caelo
567 1335 756 1392 Academiam
777 1354 891 1393 neccsse
913 1343 965 1394 est.

123 1411 156 1471 Si
173 1415 249 1472 enirn
266 1415 363 1472 nihil'
355 1424 431 1472 inter
447 1414 533 1472 deum
552 1423 581 1473 et
602 1415 687 1472 deum
706 1415 813 1487 differt,
824 1415 902 1472 nulla
923 1423 967 1473 est

123 1495 201 1571 apud
218 1494 286 1552 deos
304 1496 441 1571 cognitio,
453 1496 531 1552 nulla
551 1493 706 1573 perceptio
756 1501 802 1553 81.
825 1494 921 1563 Quint
942 1497 966 1552 si

123 1575 219 1646 etiam,
230 1575 332 1645 Vellei,
344 1576 448 1632 falsum
465 1575 537 1632 illud
555 1576 673 1632 omnino
691 1581 742 1645 est,
754 1575 862 1632 nullam
880 1575 965 1632 alia-m

122 1654 207 1711 nobis
224 1655 260 1712 de
277 1656 331 1712 deo
353 1655 547 1732 cogitantibus
565 1657 687 1732 speciem
706 1655 762 1712 nisi
779 1655 906 1713 hominis
921 1675 966 1712 oc-

123 1753 242 1804 currere,
253 1742 386 1792 tamenne
401 1736 456 1792 ista
469 1742 529 1791 tarn
544 1736 667 1792 absurda
681 1735 839 1792 defendesl
872 1735 965 1792 Nobis

123 1814 244 1872 fortasse
261 1816 301 1871 sic
319 1816 449 1885 occurrit,
460 1822 493 1872 ut
509 1815 597 1872 dicis:
620 1835 636 1872 a
653 1815 748 1892 parvis
764 1816 842 1872 enirn
856 1815 964 1886 Iovem,

123 1894 273 1962 Iunonem,
289 1894 456 1965 Minervam,
472 1895 651 1971 Neptunum,
667 1895 838 1966 Volcanum,
854 1895 965 1971 Apolli·

123 1993 198 2045 nem,
211 1974 335 2050 reliquos
359 1974 428 2031 deos
452 1994 485 2032 ea
506 1975 581 2032 facie
606 1976 821 2053 novimusque
841 1977 965 2052 pictores

122 2053 292 2131 fictoresque
306 2054 465 2126 voluerunt,
481 2074 573 2133 neque
594 2056 687 2113 solum
708 2056 791 2126 facie,
808 2056 858 2112 sed
878 2055 965 2112 ctiam

123 2143 234 2204 ornatu,
247 2140 347 2205 aetate,
358 2135 478 2192 vestitu:
497 2142 599 2192 atrion
610 2135 751 2212 Aegyptii
766 2155 818 2192 nec
832 2135 898 2212 Syri
912 2155 965 2192 nec

122 2215 183 2272 fere
194 2221 297 2271 cuncta
307 2214 453 2272 barbaria:
471 2215 610 2272 firmiores
624 2217 702 2272 enim
714 2215 810 2273 vrdeas
825 2215 902 2292 apud
916 2235 964 2272 eos

123 2295 274 2371 opiniones
288 2314 348 2352 esse
363 2294 398 2352 de
413 2294 512 2353 bestiis
527 2295 698 2373 quibusdam
714 2315 800 2372 quam
818 2295 896 2372 apud
911 2315 965 2353 nos

123 2375 159 2432 de
180 2375 364 2432 sanctissimis
381 2375 497 2452 templis
518 2383 547 2432 et
568 2374 725 2432 simulacris
745 2375 872 2432 deorum.
917 2382 962 2434 82.

123 2455 239 2512 Etenim
256 2455 324 2512 iana
337 2455 429 2512 multa
445 2456 567 2532 spoliata
581 2463 610 2513 et
627 2455 777 2513 simulacra
793 2456 913 2513 deorum
928 2456 963 2513 de

122 2534 192 2592 locis
210 2535 395 2592 sanctissimis
416 2536 510 2593 ablata
527 2535 657 2592 videmus
674 2555 691 2592 a
706 2537 828 2593 nostris:
851 2543 880 2592 at
897 2555 963 2593 vero

122 2635 158 2672 ne
179 2615 269 2673 fando
286 2616 403 2692 quidem
425 2616 556 2674 auditum
574 2623 618 2673 est
633 2616 809 2672 crocodilum
827 2623 876 2673 aut
892 2616 964 2672 ibim

122 2702 172 2752 aut
182 2696 268 2752 felem
279 2695 418 2752 violatum
429 2696 465 2753 ab
474 2696 630 2773 Aegyptio.
660 2694 738 2763 Quid
749 2696 838 2772 igitur
848 2698 964 2754 censcsl

122 2775 212 2850 Apim
236 2775 326 2846 illum,
349 2784 478 2833 sanctum
499 2776 713 2852 Aegyptiorum
734 2775 846 2844 bovem,
868 2795 964 2832 nonne

122 2854 209 2911 deum
220 2855 310 2912 videri
320 2855 492 2932 Aegyptiis?
526 2856 598 2912 Turn
610 2855 703 2912 hercle
717 2874 803 2933 quam
817 2855 871 2912 tibi
886 2855 963 2912 illam

123 2941 245 2990 vestram
262 2934 416 3011 Sospitam,
427 2955 512 3012 quarn
529 2943 561 2992 tu
578 2954 735 3011 numquam
752 2934 835 2992 nein
856 2935 964 2991 somnis

124 3014 240 3089 quidorn
253 3014 332 3071 vides
345 3015 401 3071 nisi
415 3035 480 3072 cunr
495 3015 568 3092 pelle
583 3015 705 3091 caprina,
719 3034 783 3071 curn
795 3014 884 3085 hasta,
897 3034 962 3072 curn

124 3093 244 3163 acutule,
261 3113 326 3150 cnm
349 3094 478 3151 calceolis
500 3095 641 3171 repandis.
688 3094 731 3151 At
753 3114 811 3151 non
833 3102 876 3151 est
898 3095 963 3152 talis

124 3172 215 3248 Argia
229 3192 280 3230 nec
295 3173 426 3231 Romana
443 3174 523 3232 lunc.
561 3175 639 3250 Ergo
654 3173 709 3231 alia
722 3175 830 3250 species
844 3174 962 3232 Iunonis
