2224 3446
249 117 317 168 LIB.
333 118 380 178 IL,
395 117 474 167 CAP.
488 115 729 176 XLV.-XLVIII.,
741 114 755 175 §
767 117 873 165 94-100.
935 119 982 166 231

141 220 227 291 Nam,
237 219 315 296 quod
328 219 416 287 aiunt,
428 217 636 294 quadringenta
649 216 831 292 septuaginta
845 215 924 272 milia
937 234 985 272 an-

142 319 247 357 norum
256 299 285 356 in
297 297 492 374 periclitandis
502 295 736 373 experiendisque
746 295 849 372 pueriS,
857 294 985 371 quicum-

144 399 200 456 que
211 385 305 436 esseut
316 376 568 453 nati,Babyloui0s
579 376 716 452 posuisse,
724 374 835 432 fallunt.
865 375 896 431 Si
907 374 984 431 enirn

142 466 217 516 esset
227 458 399 527 factitatum,
411 476 468 513 non
484 463 557 513 essct
567 455 706 512 desitum:
728 454 873 512 neminem
888 461 985 510 autem

142 538 281 595 habemus
298 544 443 594 auctorem
460 536 509 612 qui
524 536 555 592 id
571 542 621 592 aut
636 534 698 592 fieri
715 534 793 591 dicat
809 541 859 590 aut
872 533 984 590 factum

144 619 222 674 sciat.
261 615 383 674 XLVII.
396 615 523 674 Videsne
537 635 584 672 mc
598 633 656 671 non
671 634 704 671 ea
718 614 819 684 dicere,
833 633 904 690 quae
919 613 986 670 Car·

143 697 256 767 neades,
272 697 321 753 sed
346 715 386 765 ea,
403 715 475 772 quae
497 695 629 771 princeps
651 693 812 751 Stoicorum
831 692 986 750 Panaetius

143 777 266 834 dixerit?
307 776 370 851 Ego
385 782 479 832 autem
492 775 577 832 etiam
590 775 659 831 haec
676 774 809 851 requiro:
831 772 984 842 Omnesue,

144 857 194 932 qui
215 855 359 913 Cannensi
375 873 473 932 pugna
494 853 665 923 ceciderunt,
680 873 737 911 uno
759 861 836 911 astro
859 853 986 910 fuerint?

144 936 246 992 Exitus
263 935 380 1012 quidem
402 935 531 991 omnium
548 953 622 990 unus
643 940 672 990 et
688 934 765 990 idern
782 934 847 991 fuit.
890 931 986 1001 Quid?

145 1016 194 1092 qui
208 1015 324 1092 ingenio
341 1022 427 1091 atque
444 1015 540 1070 animo
560 1012 724 1090 singulares,
736 1033 806 1070 num
824 1020 900 1070 astro
918 1031 986 1089 quo-

145 1115 200 1172 que
215 1096 291 1152 unct
328 1093 414 1162 Quod
428 1095 505 1151 enim
521 1101 636 1169 tempus
650 1112 708 1169 que
722 1112 781 1149 non
795 1092 987 1150 innumerabi-

144 1175 185 1232 les
199 1176 369 1231 nascantur-t
406 1174 448 1231 At
462 1181 537 1230 certe
551 1173 652 1229 similis
666 1191 751 1229 nemo
766 1172 896 1229 Homeri.
937 1177 984 1229 98.

145 1255 191 1325 Et,
204 1255 227 1311 si
242 1254 352 1311 adrem
367 1254 563 1330 pertinetque
581 1252 669 1309 modo
686 1252 764 1309 caelo
780 1251 896 1309 adfecto
910 1269 987 1308 com-

145 1334 303 1410 positisque
324 1332 464 1390 sideribus
486 1333 619 1410 quodque
640 1331 745 1389 animal
766 1332 882 1401 oriatur,
894 1329 987 1388 valeat

144 1414 175 1471 id
192 1432 305 1471 necesse
327 1420 371 1471 cst
387 1413 474 1470 etiam
490 1413 521 1469 in
541 1413 626 1470 rebus
642 1411 784 1468 inanimis
828 1409 893 1478 Quo
915 1410 987 1486 quid

145 1494 203 1551 diei
219 1500 315 1569 potest
332 1492 501 1550 absurdius?
541 1492 572 1549 L.
586 1491 702 1568 quidem
724 1490 859 1548 Tarutius
881 1489 987 1546 Firma-

144 1593 207 1640 nus,
217 1573 367 1631 familiaris
381 1583 484 1643 noster,
495 1573 524 1628 in
536 1573 637 1648 primis
651 1571 813 1628 Chaldaicis
827 1567 987 1627 rationibus

145 1653 282 1724 eruditus,
292 1653 370 1710 urbis
385 1653 470 1711 ctiam
486 1660 599 1710 nostrae
613 1651 738 1730 natalem
749 1651 825 1708 diem
839 1649 987 1726 repetebat

145 1734 182 1791 ab
197 1733 231 1790 iis
245 1733 395 1802 Parilibus,
408 1733 510 1810 quibus
524 1752 587 1790 eam
604 1751 622 1789 a
637 1730 762 1788 Romulo
780 1730 926 1787 conditam
943 1749 987 1786 ac-

145 1813 281 1890 cepimus,
294 1813 482 1889 Romamque,
494 1813 524 1868 in
541 1813 610 1888 iugo
628 1831 693 1868 cum
711 1817 785 1868 esset
801 1810 877 1883 luna,
889 1817 986 1866 natam

145 1912 207 1950 esse
224 1892 338 1950 dicebat
354 1912 406 1950 nec
423 1893 484 1950 eius
498 1892 559 1950 fata
576 1911 676 1949 canere
693 1890 850 1948 dubitabat.
894 1895 940 1946 99.
960 1889 987 1947 Ο

146 1973 203 2029 vim
221 1972 376 2029 maximam
393 1973 514 2030 erroris!
556 1971 689 2028 Etiamne
711 1971 790 2028 urbis
807 1970 909 2027 natalis
926 1969 988 2027 dies

146 2051 183 2109 ad
195 2052 253 2108 vim
268 2052 410 2110 stellarum
427 2059 456 2108 et
470 2052 552 2109 lunae
566 2051 747 2128 pertinebat?
784 2051 838 2108 Fac
853 2051 882 2107 in
898 2069 988 2126 puero

146 2132 251 2188 referre
273 2151 329 2209 qua
348 2132 512 2189 adfectione
534 2131 603 2188 caeli
620 2133 746 2208 primum
764 2131 897 2206 spiritum
918 2130 988 2186 dux-

146 2212 216 2268 erit:
238 2231 308 2268 num
324 2211 380 2268 hoc
396 2212 426 2268 iu
444 2211 530 2268 latere
550 2213 647 2268 autin
664 2218 820 2281 caemento,
833 2230 867 2267 ex
885 2209 989 2286 quibus

146 2291 214 2348 urbs
228 2291 330 2348 effecta
343 2298 394 2362 est,
407 2291 504 2368 potuit
517 2291 627 2348 valeret
668 2290 725 2347 Sed
740 2290 810 2366 quid
823 2290 922 2367 plura?
943 2308 989 2345 co

146 2371 218 2428 tidie
234 2370 410 2429 refelluntur.
453 2369 546 2439 Quam
562 2370 654 2426 multa
670 2387 724 2444 ego
739 2369 889 2446 Pompam,
902 2368 988 2445 quam

146 2451 238 2508 multa
254 2450 364 2522 Crasso,
378 2470 464 2528 quam
480 2449 571 2507 multa
585 2450 653 2506 huic
669 2448 726 2525 ipsi
742 2448 856 2505 Caesari
872 2467 890 2504 a
906 2447 989 2504 Chal-

147 2530 225 2588 daeis
239 2531 316 2588 dicta
330 2531 456 2600 memini,
469 2531 614 2588 neminem
631 2547 729 2586 eorum
744 2528 800 2585 nisi
814 2528 844 2584 in
862 2534 989 2585 senectu-

121 2625 127 2634 ·
147 2617 184 2679 te,
196 2611 251 2667 nisi
266 2610 354 2681 domi,
366 2611 421 2667 nisi
436 2629 502 2667 eum
523 2610 650 2667 claritate
668 2628 727 2666 esse
744 2607 934 2664 moriturum!
956 2614 989 2664 ut

147 2689 220 2747 mihi
229 2690 385 2766 permirum
394 2689 525 2748 videatur
536 2708 709 2766 quemquam
720 2695 828 2745 exstare
841 2688 890 2764 qui
901 2687 988 2744 etiam

147 2788 223 2826 nunc
237 2769 334 2826 credat
345 2770 388 2840 iis,
400 2789 521 2846 quorum
532 2769 679 2846 praedicta
693 2768 799 2826 cotidie
810 2767 906 2825 videat
916 2786 945 2824 re
960 2773 990 2824 et

148 2849 257 2906 eventis
271 2849 370 2907 refelli.
656 2849 657 2852 ’

188 2929 326 2988 XLVIII.
358 2934 423 2986 100.
436 2928 557 2986 Restant
568 2928 627 2986 duo
638 2927 786 2984 divinandi
797 2946 909 3002 genera,
917 2945 989 3002 quae

147 3008 251 3066 habere
269 3009 391 3066 dicimur
407 3027 425 3065 a
440 3016 549 3078 natura,
562 3027 621 3065 non
638 3007 673 3064 ab
691 3015 758 3077 arte,
771 3005 945 3064 vaticinandi
960 3012 989 3061 et

148 3090 318 3147 somniandi.
350 3089 395 3146 De
407 3087 518 3165 quibua,
529 3086 644 3158 Quinte,
654 3088 780 3164 inquam,
789 3087 813 3144 si
823 3086 924 3163 placet,
934 3085 990 3141 dis-

148 3188 282 3228 seramus.
324 3168 398 3225 Mihi
416 3187 490 3239 vero,
503 3168 606 3244 iuquit,
619 3167 730 3242 placet:
752 3167 797 3224 his
818 3167 903 3237 enim,
917 3182 989 3239 quae
