2224 3446
325 103 395 153 urs.
406 104 528 165 1.‚car.
540 103 843 166 xr1.-xn11.‚§sr-ea
958 107 1005 154 rra

163 211 261 284 potest
281 224 342 262 esse
359 206 409 283 qni
426 224 485 262 non
506 213 572 263 ante
589 225 739 282 magorum
755 205 937 283 disciplinam
955 208 1006 264 sci-

163 287 328 363 entiamque
342 286 507 362 perceperit.
550 285 631 344 Licet
644 292 740 342 autem
752 285 847 343 videre
859 293 888 343 et
901 305 1006 362 genera

164 365 304 444 quaedam
326 373 356 422 et
380 367 511 424 nationes
531 365 598 422 huic
623 366 757 423 scientiae
781 364 901 423 deditas.
943 365 1005 423 Tel·

162 465 273 502 messus
286 446 317 502 in
332 444 415 502 Caria
428 452 479 516 est,
496 446 596 523 quain
611 445 679 502 urbe
694 445 806 502 excellit
821 444 1005 522 haruspicum

163 525 322 601 disciplina
365 525 496 602 Itemque
521 525 581 582 Elis
602 525 632 582 in
656 525 858 602 Peloponneso
880 525 1005 582 familias

163 605 234 661 duas
255 612 346 662 certas
366 605 461 676 habet,
477 605 652 662 Iamidarum
669 625 765 676 unam,
781 603 898 662 alteram
916 604 1005 662 Cluti-

162 685 273 756 darum,
285 684 483 762 hamspicinae
492 685 644 742 nobilitate
658 692 842 762 praestantes.
873 685 905 742 In
922 684 1005 762 Syria

163 763 301 822 Chaldaei
322 765 487 842 cognitione
508 770 647 822 astrorum
671 765 852 842 sollertiaque
876 765 1006 842 ingenio-

162 863 227 901 rum
242 844 423 902 antecellunt.
466 851 512 902 92.
535 845 650 903 Etruria
666 852 763 903 autem
780 845 816 902 de
834 845 911 904 caelo
928 852 1005 902 tacta

163 924 351 982 scientissime
381 924 590 996 animadvertit,
617 925 774 1002 eademque
801 925 1006 1002 interpretatur

163 1004 234 1081 quid
250 1004 409 1082 quibusque
424 1005 591 1062 ostendatur
603 1006 740 1062 monstris
754 1012 839 1080 atque
853 1005 1003 1082 portentis

163 1083 303 1152 Quocirca
324 1084 397 1142 bene
420 1084 498 1161 apud
518 1085 640 1141 maiores
662 1091 776 1141 nostros
799 1092 913 1142 senatus
930 1091 1003 1154 tum,

163 1183 230 1221 cum
254 1163 374 1222 florebat
397 1164 559 1240 imperinm,
582 1164 706 1221 decrevit
727 1172 760 1220 ut
782 1163 818 1221 de
840 1165 1003 1241 principum

162 1243 230 1300 filiis
254 1263 302 1300 sex
325 1244 445 1320 singulis
469 1243 599 1301 Etruriae
627 1242 742 1320 populis
766 1243 796 1299 in
822 1243 1004 1320 disciplinam

162 1323 349 1394 traderentur,
367 1342 403 1380 nc
421 1342 465 1380 ars
485 1331 566 1380 tanta
587 1329 705 1400 propter
720 1323 892 1380 tenuitatem
912 1323 1003 1380 homi-

162 1422 232 1460 num
250 1422 267 1460 a
283 1403 429 1480 religionis
450 1403 618 1460 anctoritate
635 1401 822 1460 abduceretur
843 1402 880 1458 ad
900 1422 1004 1460 merce-

163 1483 229 1540 dem
244 1491 330 1560 atque
344 1489 501 1560 quaestum.
544 1481 675 1559 Phryges
689 1489 784 1538 autem
800 1488 829 1538 et
845 1481 960 1539 Pisidae
974 1491 1004 1540 et

162 1563 267 1620 Cilices
280 1570 310 1620 et
326 1562 453 1620 Arabum
466 1563 546 1620 natio
561 1563 656 1623 avium
671 1560 929 1638 significationibus
943 1563 1004 1638 plu-

162 1643 266 1700 rimum
286 1643 493 1720 obtemperant,
509 1642 588 1720 quod
603 1642 681 1699 idem
702 1641 867 1699 factitatum
884 1641 915 1698 in
932 1641 1004 1700 Um-

162 1721 225 1780 bria
238 1723 407 1800 accepimus.

203 1803 295 1860 XLII.
335 1809 381 1860 93.
394 1802 439 1859 Ac
452 1801 525 1858 mihi
540 1801 656 1878 quidem
670 1800 805 1858 videntur
821 1799 921 1858 clocis
936 1821 1004 1878 quo-

163 1902 218 1959 que
239 1883 317 1959 ipsis,
336 1882 385 1959 qui
406 1901 423 1938 a
444 1881 604 1959 quibusque
628 1881 834 1952 incolebantur,
853 1881 1005 1939 divinatio-

162 1981 233 2020 num
251 1962 480 2039 opportunitates
496 1981 556 2018 esse
577 1961 687 2019 ductae.
729 1962 846 2020 Etenim
863 1961 1003 2039 Aegyptii

163 2049 192 2099 et
219 2042 374 2118 Babylonii
401 2042 431 2098 iu
453 2061 620 2118 camporum
647 2043 809 2118 patentium
834 2043 1004 2118 aequoribus

161 2121 332 2193 habitantes,
348 2139 414 2178 cum
436 2139 470 2179 ex
491 2127 566 2179 terra
586 2120 659 2178 nihil
680 2122 818 2180 emineret
840 2123 918 2200 quod
939 2142 1005 2179 con·

162 2201 345 2279 templationi
367 2200 437 2259 caeli
460 2200 572 2259 officere
593 2206 699 2278 posset,
718 2221 833 2259 omnem
857 2221 951 2259 curam
974 2203 1002 2258 in

163 2281 289 2340 siderum
305 2282 471 2359 cognitione
491 2288 658 2358 posuerunt,
674 2281 789 2337 Etrusci
805 2287 909 2350 autem,
926 2282 1004 2359 quod

162 2361 300 2438 religione
313 2361 418 2419 imbuti
432 2361 589 2419 studiosius
603 2368 632 2418 et
645 2360 771 2417 crebrius
781 2359 889 2417 hostias
902 2361 1003 2418 immo-

163 2441 268 2513 labant,
290 2448 421 2498 extcrum
442 2441 602 2518 cognitioni
626 2460 656 2497 se
676 2439 801 2496 maxime
823 2439 1002 2509 dediderunt,

164 2520 299 2597 quodque
316 2527 433 2596 propter
449 2521 524 2578 aeris
540 2520 757 2578 crassitudinem
775 2518 811 2576 de
832 2519 909 2576 caelo
926 2520 1004 2597 apud

163 2618 213 2657 eos
226 2601 318 2658 multa
331 2598 438 2657 fiebant
452 2607 481 2657 ct
495 2601 573 2676 quod
588 2599 625 2656 ob
647 2601 765 2657 eandem
783 2619 896 2657 cansam
913 2599 1004 2655 multa

162 2678 301 2737 inusitata
321 2680 426 2756 partim
450 2699 465 2736 e
487 2679 574 2750 caelo,
594 2679 650 2736 alia
673 2697 708 2735 ex
732 2684 807 2734 terra
829 2675 1002 2748 oriebantur,

164 2759 303 2835 quaedam
327 2759 414 2816 etiam
436 2779 470 2816 ex
490 2759 643 2816 hominum
662 2757 841 2834 pecudumve
862 2764 1004 2834 conceptu

115 2878 118 2884 ·
164 2834 207 2913 [et
221 2837 306 2916 satul,
319 2845 519 2916 portentorum
534 2837 761 2896 exercitatissimi
775 2837 944 2912 interpretes
959 2857 1003 2894 ex-

163 2920 305 2977 stiterunt.
348 2918 477 2988 Quorum
496 2918 612 2996 quidem
629 2919 696 2987 vim,
712 2923 745 2974 ut
761 2924 794 2974 tu
811 2917 884 2974 soles
900 2917 1001 2988 dicere,

163 2999 249 3056 verba
269 3000 333 3076 ipsa
352 2999 508 3076 prudenter
524 3018 541 3055 a
556 2997 714 3055 maioribus
734 2997 829 3072 posita
850 2996 1001 3054 declarant.

163 3077 239 3147 Quia
255 3080 331 3137 enim
353 3079 517 3149 ostendunt,
532 3077 717 3154 portendunt,
736 3082 907 3145 monstrant,
926 3095 1003 3152 prae-

163 3158 272 3230 dicunt,
284 3165 403 3228 ostenta,
416 3165 556 3234 portenta,
568 3164 704 3226 monstra,
717 3155 849 3231 prodigia
859 3154 998 3211 dicuntur.
