2242 3436
266 144 336 194 LIB.
352 141 764 206 1.‚0AP.XXV.-XXVI11.,§
779 144 868 192 54-59.
941 147 989 194 167

147 262 229 303 rum:
250 245 348 320 itaque
365 243 543 302 Simonidem
561 243 675 315 redisse,
687 243 793 320 perisse
810 251 926 314 ceteros,
940 243 990 321 qui

147 333 210 384 tum
226 325 413 401 navigassent.
457 323 503 382 57.
525 322 657 381 Alterum
669 323 711 380 ita
723 323 869 393 traditum,
882 323 989 380 clarum

147 405 304 462 admodum
320 406 472 461 somnium.
514 403 589 460 Cum
604 404 662 460 duo
677 402 794 480 quidam
808 402 935 460 Arcades
949 404 990 460 fa-

147 485 272 541 miliares
288 485 343 541 iter
359 503 416 541 una
432 484 559 541 facerent
576 490 605 540 et
622 482 767 559 Megaram
784 483 937 555 venissent,
953 482 990 540 al-

146 572 241 622 terum
256 564 292 621 ad
307 582 466 640 cauponem
480 563 643 633 devertisse,
655 563 692 620 ad
702 563 845 639 hospitem
859 562 988 621 altemm.

148 643 205 712 Qui
219 643 253 701 ut
266 643 358 701 cenati
374 644 558 720 quiescerent,
570 642 710 700 concubia
723 650 807 700 nocte
822 642 915 700 visum
929 662 990 700 esse

146 725 178 781 in
196 724 304 781 somnis
321 723 355 794 ei,
368 723 418 800 qui
432 729 492 780 erat
505 724 535 779 in
549 723 685 799 hospitio,
697 722 778 780 illum
793 721 913 780 alterum
931 741 991 780 ora-

146 823 178 861 re
195 810 227 862 ut
244 802 415 874 subveniret,
431 802 508 880 quod
523 802 578 859 sibi
592 822 608 860 a
622 821 750 880 caupone
765 801 897 859 interitus
912 821 991 879 para-

147 891 241 942 retur:
267 883 450 960 cumprime
474 883 656 959 perterritum
681 881 794 939 somnio
819 882 989 940 surrexisse:

147 964 214 1021 dein
236 983 302 1021 cum
323 982 353 1020 se
374 962 534 1040 collegisset
551 963 637 1039 idque
654 963 747 1020 visum
764 982 817 1039 pro
834 961 925 1019 nihilo
942 960 991 1018 ha-

147 1043 274 1101 bendum
292 1061 352 1100 esse
368 1042 503 1114 duxisset,
514 1042 693 1100 recubuisse:
714 1049 777 1100 tum
793 1043 819 1099 ei
835 1042 990 1099 dormienti

148 1123 281 1180 eumdem
302 1122 383 1179 illum
405 1123 496 1179 visum
519 1141 579 1179 esse
600 1141 707 1198 rogare,
724 1127 765 1192 ut,
781 1123 918 1199 qnoniam
935 1121 990 1179 sibi

147 1204 214 1260 vivo
230 1222 289 1259 non
306 1201 491 1272 subvenisset,
503 1209 626 1259 mortem
644 1220 724 1258 suam
739 1220 775 1258 ne
790 1201 911 1258 inultam
929 1221 990 1258 esse

148 1288 300 1360 pateretur,
311 1302 340 1340 se
350 1282 535 1340 interfectum
546 1283 576 1338 in
586 1281 745 1358 plaustrum
760 1299 776 1338 a
790 1299 919 1357 caupone
930 1300 990 1338 csse

148 1364 310 1420 coniectum
324 1371 353 1420 et
368 1381 453 1440 supra
470 1369 577 1420 stercus
590 1362 736 1432 iniectum,
748 1367 845 1438 peterc
860 1367 892 1418 ut
906 1379 990 1418 mane

148 1442 185 1499 ad
198 1449 311 1519 portam
329 1442 447 1512 adesset,
460 1442 540 1518 prius
557 1461 643 1518 quarn
657 1441 816 1518 plaustrum
831 1459 866 1496 ex
880 1440 990 1516 oppido

148 1523 244 1580 exiret.
285 1522 349 1579 Hoc
364 1541 430 1579 vero
445 1541 511 1580 eum
529 1522 642 1579 somnio
656 1528 835 1580 commotum
845 1538 930 1577 mane
940 1519 991 1577 bu-

147 1601 233 1660 bulco
247 1609 361 1679 praesto
375 1602 412 1659 ad
426 1607 541 1679 portam
554 1601 652 1672 fuisse,
661 1601 806 1694 ‘quaesisse
821 1619 856 1656 ex
870 1618 904 1657 eo
920 1599 991 1677 quid

148 1683 246 1740 c'sset
239 1701 269 1739 rn
285 1681 430 1758 plaustro.
452 1682 534 1740 illum
551 1681 734 1759 perterritum
750 1680 868 1757 fugisse,
883 1687 991 1738 mortu-

148 1781 198 1819 um
219 1769 332 1819 erutum
352 1781 422 1834 esse,
437 1780 597 1840 cauponem
614 1780 644 1819 re
660 1761 805 1838 patefacta
820 1779 928 1838 poenas
944 1760 992 1818 de·

148 1842 231 1899 disse.

189 1920 335 1979 XXVIII.
379 1927 425 1979 58.
448 1920 525 1989 Quid
538 1921 594 1978 hoc
611 1921 724 1978 somnio
739 1920 797 1978 dici
811 1927 907 1998 potest
921 1919 992 1978 divi-

149 2002 231 2059 niusl
273 2000 331 2059 Sed
355 2001 426 2079 quid
447 2008 497 2059 aut
519 2000 601 2092 plura
622 2007 672 2058 aut
694 2020 727 2058 ve
729 2008 789 2058 tera
812 2001 992 2078 quaerimus?
1047 2004 1050 2010 '

149 2082 240 2173 Saepe
260 2081 315 2139 tibi
335 2100 432 2138 meum
453 2081 572 2151 narravi,
588 2099 672 2172 saepe
694 2088 775 2138 exte
795 2081 892 2139 audivi
908 2088 991 2138 tuum

149 2161 310 2220 somnium:
331 2180 386 2231 me,
405 2179 471 2218 cum
487 2160 574 2218 Asiae
590 2161 753 2237 provinciae
770 2179 937 2238 praeessem,
953 2160 992 2216 vi-

149 2241 248 2300 disse
240 2261 271 2298 ru
289 2241 392 2319 quiete,
409 2260 475 2298 cum
491 2247 523 2298 tu
540 2259 615 2317 equo
633 2239 767 2298 advectus
789 2242 826 2298 ad
847 2241 990 2316 quandam

148 2341 247 2398 magni
239 2320 425 2378 ''fluminis
403 2339 505 2397 ripam,
516 2327 668 2397 provectus
685 2319 785 2377 subito
797 2325 883 2396 atquc
898 2317 993 2394 delap-

149 2421 197 2460 sus
213 2402 244 2458 in
260 2400 375 2470 flumen,
388 2418 528 2477 nusquam
546 2400 732 2477 apparuisses,
744 2418 791 2456 me
807 2399 992 2456 contremuis-

149 2501 179 2540 se
195 2481 300 2538 timore
313 2481 512 2557 perterritum:
533 2487 597 2538 tum
611 2487 641 2536 te
654 2486 755 2555 repent
756 2497 771 2535 e
743 2478 892 2536 tlaetum
909 2485 971 2535 exst
972 2478 993 2534 i-

148 2562 216 2619 tisse
231 2559 390 2637 eodemque
404 2579 478 2636 equo
493 2559 640 2618 adversam
654 2558 848 2616 ascendisse'
826 2576 918 2633 ripam
929 2577 993 2614 nos-

149 2659 205 2718 que
229 2641 381 2698 internos
405 2657 466 2697 esse
489 2640 663 2717 complexos.
705 2638 806 2696 Facilis
830 2638 993 2694 coniectura

148 2720 235 2778 huius
256 2720 369 2789 somnii
385 2719 514 2797 mihique
531 2739 548 2776 a
563 2720 638 2797 perit
639 2720 663 2776 is
679 2719 709 2776 in
727 2718 798 2775 Asia
814 2717 990 2794 praedictum

150 2807 194 2858 est
207 2800 270 2857 fore
285 2819 334 2857 eos
348 2807 466 2857 eventus
480 2817 583 2870 rerum,
597 2819 646 2876 qur
638 2799 828 2856 Qaeciderunt
872 2803 918 2854 59,
937 2796 993 2854 Ve-

149 2880 199 2936 nio
217 2899 292 2937 nunc
310 2879 373 2937 adt
361 2887 452 2937 t.uum
495 2879 604 2937 Audivi
619 2879 752 2956 equidem
767 2898 801 2936 ex
815 2884 844 2934 te
857 2877 930 2954 ipso,
943 2877 993 2933 sed

149 2958 222 3017 mihi
243 2959 357 3036 saepius
377 2967 475 3017 noster
495 2959 647 3017 Sallustius
668 2959 799 3029 narravit,
815 2977 880 3015 cum
897 2957 928 3013 in
945 2956 994 3013 illa

149 3039 221 3116 fuga
236 3039 322 3096 nobis
338 3039 471 3116 gloriosa,
486 3040 595 3116 patriae
616 3039 730 3096 calamit
718 3046 781 3096 tosa
797 3038 825 3095 in
843 3036 911 3094 villa
927 3055 993 3112 qua-

150 3120 218 3178 dam
243 3120 338 3197 campi
362 3120 490 3177 Atinatis
514 3137 643 3176 maneres
667 3136 858 3194 magnamque
882 3122 993 3192 partem

150 3199 245 3258 noctis
266 3198 420 3276 vigilasses,
436 3198 472 3256 ad
489 3197 582 3255 lucem
604 3197 727 3274 denique
748 3205 808 3254 arte
825 3204 854 3254 et
870 3195 949 3271 gravi
951 3202 992 3252 ter
