2224 3446
121 117 170 165 200
381 115 430 164 DE
450 115 700 166 DIVINATIONE.

121 235 194 293 opus
213 222 272 274 cst:
294 223 327 273 ut
346 216 423 273 euim
442 217 505 293 ipsa
523 215 707 293 philosophia
726 223 755 274 et
770 216 863 274 multa
879 217 966 274 verba

121 295 302 367 Graecorum,
322 298 363 353 sic
387 297 489 353 sorites
511 297 580 354 satis
601 296 704 353 Latino
728 314 859 354 sermone
879 297 966 354 tritus

121 383 179 434 est:
203 395 270 453 ergo
288 376 357 433 baec
375 394 489 453 quoque
508 376 648 433 dialectici
666 376 771 447 dicent,
787 395 846 432 uon
863 375 964 434 divini.

121 455 218 524 Quidt
242 475 308 513 cum
330 456 474 533 quaeritur
495 456 544 533 qui
566 457 603 512 sit
624 456 752 532 optimus
772 456 813 512 rei
834 455 967 532 publicae

122 543 219 606 status,
233 555 305 612 quac
322 536 406 612 leges,
419 536 469 612 qui
485 555 579 593 mores
600 543 650 593 aut
666 535 751 593 utiles
772 542 822 592 aut
838 536 964 607 Inutiles,

121 615 320 692 haruspicesne
348 635 383 673 ex
409 615 525 673 Etruria
551 623 728 673 arcesseutur
755 635 791 672 au
820 616 967 692 principes

121 702 248 753 statuent
268 703 298 753 et
314 694 418 753 delecti
434 695 488 752 viri
504 695 590 772 periti
611 714 706 753 rerum
727 695 874 753 civilium?
917 701 964 752 la.

121 774 206 843 Quod
223 776 247 832 si
266 795 319 832 nec
340 795 437 832 earum
457 794 560 847 rerum,
577 793 649 852 quae
670 775 814 833 subiectae
835 775 967 832 sensibus

121 862 196 924 sunt,
208 854 266 911 ulla
282 855 422 912 diuinatio
437 861 488 927 est,
500 874 553 912 uec
570 874 676 925 earum,
689 875 761 932 quae
776 855 885 912 artibus
899 874 967 912 con·

120 934 256 1005 tineutur,
276 954 328 992 nec
350 954 455 1005 aarum,
475 954 547 1012 quac
569 935 599 991 in
620 935 804 1012 philosophia
824 935 967 993 disserun-

121 1021 175 1083 tur,
193 1033 245 1070 nec
266 1033 371 1085 earum,
394 1015 511 1091 quaein
531 1034 561 1072 re
582 1014 698 1091 publica
717 1023 872 1086 versantur,
898 1034 967 1092 qua-

121 1113 185 1150 rum
209 1113 303 1151 rerum
328 1095 365 1151 sit
389 1093 461 1151 nihil
485 1113 601 1171 prorsus
625 1095 770 1172 intellego.
813 1095 889 1152 Nam
914 1103 966 1152 aut

121 1173 250 1230 omnium
267 1173 353 1231 debet
370 1193 430 1231 esse
447 1181 497 1232 aut
514 1174 609 1252 aliqua
626 1175 651 1232 ei
669 1176 789 1232 materia
805 1175 901 1232 danda
921 1183 967 1232 est

39 1275 41 1279 ·
121 1253 151 1310 in
174 1273 230 1330 qua
247 1255 350 1311 versari
372 1254 472 1331 possit.
515 1253 573 1312 Sed
596 1273 649 1312 nee
672 1255 803 1312 omnium
823 1254 966 1312 divinatio

121 1340 172 1403 est,
188 1340 220 1390 ut
236 1334 310 1391 ratio
327 1334 434 1404 docuit,
450 1353 502 1391 nec
517 1334 596 1391 locus
616 1353 670 1392 nec
685 1335 805 1392 materia
820 1334 967 1391 invenitur

121 1415 167 1470 cui
188 1413 395 1471 divinationem
415 1413 567 1490 praeficere
583 1413 734 1490 possimus.
777 1413 855 1472 Vide
875 1414 966 1490 igitur

120 1512 157 1550 ne
174 1492 252 1550 nulla
266 1494 303 1550 sit
316 1493 465 1551 divinatio
508 1493 545 1552 V.
568 1493 621 1550 Est
635 1494 753 1570 quidem
767 1492 892 1550 Graecus
905 1493 967 1550 vul-

121 1573 196 1649 garis
213 1573 242 1630 iu
257 1573 330 1630 hanc
345 1573 517 1630 senteutiam
531 1591 644 1630 versus:

185 1697 256 1746 Bene
267 1697 308 1760 qui
320 1696 432 1758 coniciet,
443 1705 524 1746 vatem
536 1696 602 1744 hunc
614 1695 746 1759 perhibebo
757 1696 886 1760 optimum.

122 1815 201 1872 Num
215 1814 304 1891 igitur
317 1820 367 1871 aut
381 1832 453 1891 quae
467 1819 623 1890 tempestas
636 1813 802 1890 impendeat
816 1819 895 1870 vates
907 1831 966 1870 me

121 1895 176 1951 lius
201 1895 323 1951 coniciet
345 1913 430 1972 quam
451 1893 626 1970 gubernator
648 1900 698 1949 aut
719 1892 814 1950 morbi
834 1898 966 1950 naturam

122 1973 233 2031 acutius
258 1993 343 2050 quam
367 1974 495 2031 medicus
523 1980 573 2031 aut
596 1972 664 2030 belli
688 1971 966 2030 administrationem

122 2053 293 2131 prudentius
307 2072 392 2130 quam
406 2054 564 2130 imperator
577 2053 740 2119 coniectura
754 2052 944 2129 adsequeturl

117 2181 123 2195 .
164 2139 210 2190 13.
233 2132 290 2190 Sed
312 2132 507 2203 animadverti,
528 2131 644 2204 Quinte,
664 2139 694 2189 te
716 2139 798 2190 caute
821 2139 850 2189 et
872 2132 908 2189 ab
931 2133 967 2189 iis

123 2213 302 2284 coniectaria,
319 2231 391 2289 quae
408 2212 545 2269 habereut
563 2219 652 2270 artem
670 2218 756 2289 atque
773 2212 965 2288 prudentiam,

123 2301 153 2352 et
169 2293 205 2351 ab
226 2293 262 2349 iis
278 2291 370 2364 rebus,
387 2311 459 2368 quae
480 2292 609 2349 sensibus
630 2297 680 2348 aut
696 2290 824 2348 artificiis
840 2292 968 2368 percipe-

123 2380 228 2444 rentur,
244 2372 383 2429 abducere
404 2372 620 2441 divinationem,
636 2390 756 2448 eamque
777 2371 819 2430 ita
839 2370 966 2442 definire,

123 2453 329 2510 divinationem
358 2470 418 2509 esse
446 2471 544 2508 earum
568 2470 663 2508 rerum
687 2451 913 2527 praedictionem
938 2459 968 2509 et

123 2532 360 2610 praesensionem,
377 2550 449 2608 quae
470 2539 564 2589 esseut
580 2530 726 2589 fortuitae.
768 2530 900 2588 Primum
921 2549 968 2588 eo·

124 2613 190 2670 dem
207 2611 365 2668 revolveris.
408 2611 484 2668 Nam
505 2618 534 2668 et
550 2611 655 2668 medici
672 2618 701 2670 et
718 2610 917 2687 gubernatoris
938 2619 968 2668 et

124 2691 304 2767 imperatoris
318 2691 480 2767 praesensio
494 2698 538 2747 est
551 2710 645 2748 rerum
660 2691 855 2749 fortuitarum.
887 2691 967 2748 Num

125 2771 213 2845 igitur
237 2778 286 2826 aut
308 2770 448 2846 haruspex
472 2777 522 2827 aut
543 2790 634 2846 augur
656 2777 706 2828 eut
727 2779 806 2828 vates
829 2771 893 2847 quis
918 2778 967 2827 aut

126 2849 270 2904 somnians
290 2849 392 2906 melius
413 2851 566 2906 coniecerit
588 2857 638 2907 ant
658 2869 674 2906 e
695 2850 796 2907 morbo
818 2869 966 2907 evasurum

126 2934 273 3002 aegrotum
291 2935 341 2984 aut
355 2947 370 2983 e
384 2929 510 3003 periculo
527 2948 628 2986 navem
646 2936 696 2986 aut
712 2949 747 2986 ex
763 2929 876 2986 insidiis
892 2949 968 2987 exer-

127 3006 216 3060 citum
232 3025 317 3081 quam
333 3007 471 3076 medicus,
485 3027 570 3082 quam
584 3007 766 3083 guberuator,
779 3028 865 3086 quam
879 3009 968 3086 impe

127 3085 221 3139 ratorl
264 3089 308 3140 14.
331 3085 423 3160 Atqui
437 3105 473 3143 ne
488 3087 536 3142 illa
550 3088 667 3163 quidem
682 3088 837 3146 divinantis
851 3108 912 3146 esse
927 3089 968 3147 di-

128 3159 219 3230 cebas,
242 3169 343 3219 ventos
370 3171 419 3220 aut
443 3164 547 3222 imbres
571 3167 770 3243 impendentes
795 3167 967 3246 quibusdam
