2224 3446
126 109 173 158 248
385 109 434 156 DE
451 107 700 159 DIVINATIONE.

125 228 185 266 rere
200 209 338 286 quaedam
352 215 483 266 matrona
493 209 610 284 cupiens
621 209 755 266 dubitans
767 217 876 268 essetne
886 231 965 288 prac-

125 307 216 364 guans
231 289 291 344 visa
305 289 391 346 estin
407 289 501 365 quiete
513 289 692 364 obsignatam
706 289 810 347 habere
824 297 963 350 naturam.

125 367 254 426 Rettulit.
297 367 421 444 Negavit
442 387 512 438 earu,
529 369 664 444 quoniam
687 369 837 445 obsignata
852 371 964 442 fuisset,

126 448 274 524 concipere
288 448 423 524 potuisse.
462 447 504 504 At
515 447 584 504 alter
595 455 799 525 praegnantem
812 469 870 507 esse
882 451 963 510 dixit.

125 526 201 583 Nam
215 528 298 584 inane
316 526 460 604 obsignari
474 526 546 583 nihil
561 528 658 586 solere.
701 527 780 596 Quae
794 535 838 586 est
851 530 906 587 ista
920 551 966 587 ars

125 607 294 664 coniectoris
311 605 451 664 eludentis
468 606 603 682 ingenio?
643 606 691 663 An
709 627 749 679 ea,
763 627 834 683 quae
852 609 919 680 dixi,
936 618 966 668 et

125 685 349 756 innumerabilia,
361 705 432 762 quae
447 685 565 743 collecta
578 685 685 743 habeut
700 685 798 758 Stoici,
812 689 965 766 quicquam

125 765 287 841 significant
299 765 356 822 nisi
370 783 489 822 acumen
500 765 651 823 homiuum
666 786 700 824 ex
715 767 903 825 similitudine
917 769 966 825 ali-

126 864 181 920 qua
199 845 391 901 coniecturam
407 845 496 902 modo
512 844 577 917 huc,
589 846 678 903 modo
694 846 761 903 illuc
778 847 966 905 ducentium?

125 923 230 981 Medici
247 924 329 1000 signa
346 924 485 1000 quaedam
498 925 606 982 habent
623 945 657 983 ex
673 926 753 983 venis
770 933 847 983 etex
862 929 964 1004 spiritu

125 1003 242 1078 aegroti,
254 1004 408 1080 multisque
425 1023 459 1060 ex
474 1004 536 1061 aliis
550 1006 648 1062 futura
662 1005 865 1082 praesentiunt.
908 1007 966 1064 Gu-

124 1083 287 1140 bernatores
299 1103 363 1140 cum
376 1084 548 1142 exsultantes
559 1085 691 1160 loligiues
702 1085 834 1142 viderunt
848 1093 898 1142 aut
909 1086 966 1144 del-

124 1163 229 1240 phinos
246 1183 275 1220 se
289 1163 318 1220 in
334 1171 450 1240 portum
468 1163 649 1236 conicientes,
661 1170 862 1240 tempestatem
880 1166 966 1241 signi-

124 1243 201 1300 ficari
215 1250 327 1320 putant.
369 1243 450 1300 Haec
467 1244 576 1301 ratione
592 1245 725 1320 explicari
740 1252 769 1301 et
783 1244 819 1300 ad
833 1251 964 1302 naturam

124 1323 208 1380 facile
222 1324 346 1380 revocari
357 1330 485 1400 possunt,
496 1343 529 1380 ea
543 1342 618 1394 vcro,
632 1343 703 1400 quae
714 1323 800 1400 paulo
813 1331 880 1381 ante
895 1324 964 1395 dixi,

124 1403 203 1460 nullo
217 1403 312 1460 mode.

164 1482 272 1540 LXXI.
316 1487 381 1540 146.
403 1481 446 1540 At
460 1482 536 1539 euim
549 1482 708 1539 observatio
720 1482 965 1540 diutuma—haec

125 1563 201 1619 euim
226 1581 291 1639 pars
314 1581 372 1619 una
393 1562 656 1620 restat—notandis
677 1561 762 1619 rebus
777 1563 848 1620 fecit
865 1569 962 1619 artem.

124 1641 184 1698 Ain
202 1642 337 1699 tandem?
358 1643 469 1698 somnia
490 1641 632 1698 observari
651 1643 791 1718 possunt?
832 1641 964 1710 Quonam

124 1722 229 1779 modol
270 1721 344 1778 Sunt
358 1722 435 1778 enirn
450 1721 670 1777 innumerabiles
684 1721 840 1778 varietates.
883 1721 964 1777 Nihil

124 1809 184 1858 tam
201 1807 390 1878 praepostere,
402 1808 462 1858 tarn
479 1800 633 1871 incondite,
646 1807 705 1856 tarn
723 1808 903 1858 monstruose
920 1821 965 1857 co-

125 1881 210 1957 gitari
234 1887 330 1957 potest
355 1881 433 1957 quod
456 1899 515 1936 non
539 1881 681 1956 possimus
709 1880 857 1937 somniare.
899 1879 965 1948 Quo

124 1959 213 2016 modo
234 1960 322 2035 igitur
342 1959 412 2016 haec
433 1959 545 2016 infinita
565 1966 594 2016 et
616 1978 727 2036 semper
746 1979 821 2016 nova
842 1965 891 2016 aut
907 1978 964 2016 me·

124 2039 216 2096 moria
236 2038 387 2115 complecti
409 2046 458 2095 aut
480 2039 656 2095 observando
678 2045 777 2096 notare
793 2040 966 2115 possumus?

125 2117 274 2194 Astrologi
300 2125 397 2175 motus
427 2119 580 2174 errautinm
609 2118 753 2175 stellarum
784 2125 963 2178 notaverunt.

125 2199 262 2256 Inventus
279 2205 321 2256 est
332 2199 409 2254 euim
424 2197 494 2254 ordo
509 2198 539 2254 in
553 2198 589 2254 iis
603 2197 698 2268 stellis,
713 2198 833 2274 quinon
847 2197 966 2274 putaba-

124 2285 178 2336 tur.
221 2277 300 2335 Cedo
317 2278 434 2335 tandem
452 2277 501 2354 qui
518 2278 555 2334 sit
572 2277 643 2334 ordo
660 2283 710 2333 aut
727 2297 798 2354 quae
819 2296 967 2334 concursa-

124 2359 167 2416 tio
179 2359 374 2415 somnioruml
410 2357 475 2426 Quo
486 2357 574 2414 modo
585 2363 681 2414 autem
693 2357 833 2432 distingui
844 2363 967 2433 possunt

126 2457 190 2494 vera
201 2438 311 2494 somnia
321 2457 338 2494 a
348 2437 435 2508 falsis,
449 2456 513 2494 cum
529 2436 628 2493 eadem
639 2443 668 2492 et
679 2436 741 2492 aliis
752 2436 833 2493 aliter
844 2436 967 2493 evadant

126 2524 154 2574 et
168 2518 269 2574 iisdem
285 2536 342 2574 uon
357 2536 468 2594 semper
484 2516 585 2574 codem
599 2515 706 2572 modol
727 2523 759 2573 ut
773 2515 845 2572 mihi
860 2515 965 2572 mirum

125 2597 262 2668 videatur,
275 2615 340 2654 cum
357 2597 488 2654 mendaci
502 2596 614 2652 homiui
627 2615 663 2652 ne
680 2614 778 2652 verum
794 2594 909 2671 quidem
925 2594 967 2650 di-

126 2676 202 2733 centi
223 2676 335 2733 credere
356 2676 504 2746 soleamus,
521 2694 577 2752 quo
598 2674 686 2731 modo
705 2674 761 2744 isti,
778 2675 803 2731 si
821 2674 966 2730 somnium

126 2774 223 2812 verum
238 2756 327 2813 evasit
341 2755 465 2832 aliquod,
475 2774 533 2811 non
549 2774 582 2811 ex
597 2754 695 2811 multis
706 2755 804 2832 potius
817 2754 867 2810 uni
878 2752 966 2810 fidem

126 2834 264 2910 derogent
279 2853 364 2910 quarn
379 2854 413 2890 ex
428 2853 485 2891 uno
499 2833 718 2891 innumerabilia
732 2832 907 2890 confirment.

168 2915 233 2970 147.
256 2913 287 2969 si
301 2914 390 2989 igitur
403 2933 495 2990 neque
510 2914 580 2970 deus
597 2920 640 2970 est
654 2913 771 2970 effector
788 2912 966 2969 somniorum

126 3009 218 3067 neque
239 2999 355 3049 naturae
376 2993 496 3050 societas
511 2993 570 3049 ulla
586 3012 651 3050 cum
669 2993 788 3048 somniis
804 3010 896 3068 neque
919 2991 967 3047 ob·

128 3071 284 3127 servatione
305 3072 425 3128 inveniri
447 3072 543 3147 potuit
564 3072 690 3142 scicntia,
708 3071 843 3128 effectum
868 3077 911 3128 est
933 3079 967 3127 ut

127 3147 198 3203 nihil
209 3167 323 3223 prorsus
338 3150 456 3206 somniis
467 3151 650 3210 tribuendum
666 3151 711 3221 sit,
721 3150 887 3228 pracsertim
899 3169 967 3207 cum
