2224 3446
51 97 55 106 '
128 118 176 164 aas
388 116 438 163 11
455 114 706 165 1111111111.

128 237 194 274 nem
211 223 240 274 et
257 217 287 272 in
305 216 383 293 quod
399 223 514 292 tempus
531 217 592 273 1111
633 215 743 274 Callide
760 217 845 288 enim,
858 217 908 294 qui
922 217 972 276 illa

128 297 299 374 composuit,
315 296 436 373 perfecit
453 303 485 352 ut
502 295 703 373 quodcumque
724 296 874 354 accidisset
892 317 973 374 prae·

128 378 238 434 dictum
255 376 398 434 videretur
411 374 561 432 hominum
580 382 609 432 et
622 382 785 452 temporum
802 375 971 434 definitione

128 457 246 514 sublata.
291 461 357 513 111.
382 455 527 513 Adhibuit
548 455 635 513 etiam
656 455 794 512 latebram
816 455 973 514 obscurita-

128 538 173 607 tis,
186 544 219 594 ut
232 535 320 593 iidem
337 555 433 593 versus
450 535 518 592 alias
535 535 563 591 in
582 535 666 592 aliam
683 554 744 592 rem
760 555 843 612 posse
860 556 973 594 accom-

128 616 239 673 modari
259 616 430 673 viderentur.
473 614 540 671 Non
562 634 621 672 esse
646 622 743 673 antem
763 615 835 673 illud
855 635 970 674 carmen

127 697 250 753 furentis
265 715 330 752 cum
344 695 439 771 ipsum
451 701 557 771 poema
570 694 778 753 declarat—est
789 697 865 753 enim
877 698 971 774 magis

128 776 196 832 artis
211 783 240 832 et
254 775 419 850 diligentiae
434 795 520 852 quam
535 775 711 833 incitationis
726 783 755 834 et
768 783 970 834 motus-tum

128 875 194 912 vero
219 874 260 924 ea,
279 873 351 930 quae
375 857 529 931 ἀκροστιχὶς
553 855 666 926 dicitur,
685 875 748 913 enm
775 856 910 932 deinceps
934 876 970 914 ex

127 934 228 1010 primis
245 953 376 991 versuum
393 935 496 992 litteris
513 935 622 1013 aliquid
636 936 802 1007 conectitur,
816 943 848 993 ut
863 937 894 994 in
909 937 971 1013 qui-

130 1013 248 1070 busdam
266 1013 421 1072 Ennianis:
444 1015 607 1084 1111111
627 1035 720 1074 anem.
763 1016 799 1073 Id
815 1023 890 1074 certe
910 1035 971 1073 rna-

127 1094 171 1169 111
186 1099 229 1151 111
242 1094 346 1152 attenti
359 1095 449 1153 animi
463 1115 549 1172 quarn
564 1096 693 1153 furentis.
738 1101 803 1153 112.
826 1096 923 1173 Atque
938 1097 969 1152 in

128 1173 276 1250 Sibyllinis
290 1194 324 1232 ex
338 1175 433 1252 primo
447 1195 529 1233 versu
543 1175 679 1253 cuiusque
697 1175 853 1233 sententiae
868 1176 970 1252 primis

127 1254 230 1312 litteris
254 1255 330 1312 illius
355 1256 511 1313 sententiae
535 1275 649 1313 carmen
674 1275 759 1313 omne
783 1256 967 1332 praetexitur.

127 1334 194 1393 Hoc
211 1336 357 1413 scriptoris
374 1342 417 1392 est
433 1355 492 1392 non
506 1336 636 1407 11111111,
649 1335 811 1393 adhibentis
826 1335 971 1412 diligenti-

128 1434 182 1486 am,
195 1435 253 1473 nen
268 1416 368 1473 insani.
411 1414 504 1484 Quam
519 1415 556 1473 ob
570 1435 629 1472 rem
642 1415 782 1492 Sibyllam
797 1415 913 1493 quidem
928 1436 970 1473 se·

127 1496 251 1572 positam
266 1504 295 1553 et
306 1495 452 1553 conditam
462 1495 625 1567 habeamus,
638 1503 679 1566 ut,
690 1495 721 1552 id
733 1496 811 1578 quod
821 1496 970 1573 proditum

128 1583 171 1632 est
188 1596 204 1632 a
220 1575 385 1647 maioribus,
397 1575 506 1633 iniussu
524 1583 637 1633 senatus
654 1595 690 1632 ne
704 1575 835 1652 legantur
852 1575 967 1652 quidem

127 1655 193 1713 libri
204 1656 371 1732 valeantque
386 1656 423 1712 ad
434 1655 617 1732 deponendas
627 1655 725 1732 potius
736 1675 821 1732 quam
837 1654 873 1712 ad
884 1657 970 1712 susci-

127 1736 246 1811 piendas
260 1736 428 1812 religiones:
447 1755 513 1792 eum
524 1735 700 1792 antistitibus
711 1755 836 1812 agamus,
846 1741 877 1792 ut
889 1735 971 1812 qnid-

127 1815 170 1871 vis
184 1816 283 1890 potius
298 1836 332 1872 cx
346 1816 402 1872 illis
417 1815 497 1872 libris
508 1835 594 1892 quam
608 1833 704 1892 regem
716 1815 872 1892 proferant,
883 1834 970 1892 quem

127 1893 236 1952 Rornae
253 1896 390 1972 posthaec
407 1915 459 1953 uec
477 1896 507 1953 di
522 1914 573 1952 nec
589 1894 721 1952 homines
738 1914 798 1952 esse
814 1895 968 1972 patientur.

127 1974 188 2032 LV.
210 1975 252 2032 At
267 1974 351 2033 multi
365 1995 448 2052 saepe
463 1995 529 2033 vera
543 1975 697 2047 vaticinati,
708 1983 741 2032 ut
756 1974 921 2046 Cassandra,

387 2097 491 2160 Iamque
503 2098 565 2145 mari
576 2111 668 2157 magno
681 2130 687 2144 .
701 2130 707 2144 .
722 2130 728 2144 .

127 2214 283 2292 eademque
297 2213 383 2292 paulo
398 2222 481 2292 post:

435 2334 507 2383 Eheu
517 2333 599 2384 videte
611 2370 618 2384 .
632 2371 638 2383 .
652 2371 658 2383 .

129 2462 193 2515 113.
217 2455 296 2512 Num
318 2454 408 2531 igitur
429 2472 476 2510 me
500 2452 580 2530 cogis
602 2453 689 2510 etiam
711 2451 817 2510 fabulis
840 2451 971 2510 crederet

127 2555 198 2612 quae
213 2535 411 2593 delectationis
422 2533 546 2591 babeant
557 2540 697 2610 quantum
708 2533 794 2604 voles,
802 2531 895 2590 verbis
910 2551 971 2589 sen-

127 2615 233 2686 tentiis,
251 2614 530 2672 numeris'cantibus
550 2613 738 2671 adiuventur:
770 2611 971 2669 auctoritatem

128 2695 244 2772 quidem
261 2693 368 2751 nullam
386 2693 523 2751 debemus
537 2713 590 2751 nec
602 2692 690 2751 fidem
707 2692 916 2750 commenticiis
930 2711 972 2749 re-

127 2775 180 2832 bus
197 2766 360 2850 adiungere.
402 2773 570 2850 Eodemque
590 2773 679 2830 modo
696 2791 749 2830 nec
766 2791 820 2848 ego
836 2771 970 2828 Publicio

128 2855 223 2911 nescio
241 2854 287 2910 cui
301 2872 354 2910 neo
371 2852 485 2910 Marciis
502 2853 615 2910 vatibus
631 2872 683 2909 nec
700 2851 845 2928 Apollinis
862 2852 971 2928 opertis

128 2933 302 2990 credendum
323 2933 473 2989 existimo:
506 2951 628 3010 quorum
649 2933 754 3009 partim
775 2931 843 2989 ficta
863 2938 969 3008 aperte,

128 3013 233 3086 partim
254 3011 368 3069 effutita
388 3020 502 3082 temere,
518 3030 675 3088 numquam
692 3031 728 3069 ne
750 3011 889 3068 mediocri
910 3011 970 3088 qui·

129 3090 195 3146 dem
220 3091 361 3167 cuiquam,
384 3110 443 3147 nen
470 3092 558 3148 modo
586 3091 722 3166 prudenti
746 3090 868 3167 probata
894 3097 969 3148 sunt.

131 3174 195 3226 114.
218 3169 313 3238 Quint
338 3171 465 3240 inquies:
494 3189 589 3226 remex
611 3169 658 3226 ille
679 3170 714 3226 de
736 3171 824 3227 classe
845 3169 969 3246 Coponii
