2224 3446
136 93 182 140 186
393 91 443 140 ΒΕ
462 90 711 142 DIVINATIONE.

134 191 314 250 convinceret
334 192 553 270 ostenderetque
574 192 661 250 etiam
678 190 893 268 philosophum,
906 191 930 248 si
947 191 972 250 ci

133 272 318 330 commodum
345 279 426 343 esset,
448 272 599 348 pecuniam
624 272 717 329 facere
741 289 833 348 posse,
856 289 973 327 ornnem

133 353 233 424 oleam,
246 358 312 409 ante
333 371 419 428 quarn
440 351 539 408 florere
560 352 709 428 coepisset,
722 351 752 407 in
773 369 842 427 agro
860 349 973 407 Milesio

132 433 271 491 coemisse
286 432 398 490 dicitur.
435 437 500 489 112.
513 431 764 488 Animadverterat
773 431 894 487 fortasse
906 449 973 505 qua=

132 512 199 569 dam
221 513 339 570 scientia
359 511 485 568 olearum
506 511 666 568 ubertatem
687 510 757 568 fore.
799 509 838 566 Et
855 509 974 585 quidem

131 591 209 648 idem
230 593 339 668 primus
360 591 552 648 defectionem
574 588 651 660 solis,
669 609 741 665 quae
762 588 891 664 Astyage
912 608 974 665 reg-

131 679 218 728 nante
228 672 307 728 iacta
320 677 370 740 est,
381 669 555 746 praedixisse
569 669 667 727 fertur.
707 669 738 726 L.
752 668 844 725 Multa
857 667 973 739 medici,

131 751 223 808 multa
238 750 450 827 gubernatores,
462 747 603 826 agricolae
624 750 710 806 etiam
732 748 823 806 multa
843 766 975 825 praesen-

131 832 216 901 tiunt,
229 830 279 887 sed
293 830 400 887 nullam
415 849 514 887 eorum
528 828 736 886 divinationem
750 846 831 898 von,
843 846 879 884 ne
893 827 975 884 illam

131 910 326 986 quidamque
344 910 380 966 ab
397 908 613 966 Anaximandro
630 907 751 985 physico
767 907 872 970 moniti
889 905 976 964 Iane·

131 989 276 1047 daemonii
293 997 367 1060 sunt,
379 994 413 1046 ut
429 988 530 1046 urbem
546 996 576 1046 et
592 995 668 1046 tecta
684 986 846 1064 linquerent
859 987 975 1044 annati-

132 1088 186 1145 que
203 1069 233 1125 in
250 1087 318 1145 agro
336 1068 516 1140 excubarent,
529 1069 608 1145 quod
622 1076 712 1126 terrae
729 1074 826 1124 motus
842 1067 973 1137 instaret,

130 1155 202 1220 tum,
215 1167 279 1205 curn
297 1156 327 1206 et
343 1148 410 1206 urbs
427 1155 489 1206 tota
505 1148 613 1206 corruit
629 1155 658 1205 et
675 1166 709 1204 ex
726 1154 825 1204 monte
841 1145 975 1222 Taygeto

130 1236 257 1286 extrema
270 1229 378 1286 montis
392 1228 473 1304 quasi
486 1228 593 1304 puppis
607 1226 704 1284 avulsa
717 1235 767 1284 est.
810 1225 855 1282 Ne
869 1225 975 1283 Phere-

130 1309 217 1384 cydes
234 1309 351 1385 quidem
367 1305 415 1365 ille
432 1307 614 1384 Pythagorae
631 1307 768 1383 magister
783 1306 881 1383 potius
902 1305 975 1362 divi-

130 1407 184 1445 nus
207 1387 360 1446 habebitur
384 1406 470 1464 quam
494 1387 639 1464 physicus,
659 1386 745 1463 quod,
763 1405 829 1443 cum
853 1385 975 1442 vidisset

130 1467 262 1525 haustam
276 1487 379 1544 aquam
394 1467 430 1524 de
444 1467 505 1544 iugi
519 1473 616 1543 puteo,
628 1473 719 1524 terrae
732 1473 829 1523 motus
843 1465 918 1523 dixit
931 1465 975 1522 in-

131 1554 212 1605 stare.
257 1553 321 1604 113.
341 1547 402 1604 Nec
416 1566 482 1604 vero
499 1566 637 1623 umquam
654 1546 765 1603 animus
782 1545 909 1602 hominis
925 1563 975 1601 na·

130 1627 260 1684 turaliter
275 1627 393 1697 divinat,
406 1627 462 1683 nisi
478 1645 544 1684 cum
561 1627 603 1683 ita
619 1625 729 1683 solutus
749 1631 793 1682 est
810 1632 840 1682 et
856 1643 972 1695 vacuus,

132 1714 163 1764 ut
177 1708 204 1764 ei
214 1706 298 1784 plane
312 1706 383 1763 nihil
399 1707 436 1763 sit
450 1725 516 1764 curn
533 1725 659 1783 corpore.
694 1704 780 1774 Quod
794 1711 844 1762 aut
857 1703 974 1762 vatibus

131 1787 274 1863 contingit
288 1794 338 1844 aut
352 1786 568 1844 dormientibus
603 1785 704 1863 Itaque
718 1804 752 1842 ea
765 1784 823 1842 dno
836 1802 974 1861 generas

130 1865 306 1924 Dicaearcho
320 1866 478 1942 probantur
492 1872 529 1936 et,
542 1872 575 1922 ut
589 1865 657 1936 dixi,
670 1885 687 1922 a
700 1864 840 1941 Cratippo
854 1871 972 1921 nostro:

131 1946 155 2002 si
175 1953 333 2022 propterca,
352 1946 430 2021 quod
451 1965 484 2003 ea
507 1944 726 2022 proficiscuntur
748 1963 766 2001 a
789 1951 898 2015 natura,
914 1943 973 2001 sint
1014 1995 1021 2008 ,

131 2044 243 2082 summa
259 2044 333 2095 sane,
346 2025 434 2082 modo
451 2044 487 2082 ne
504 2025 580 2082 sola:
603 2025 646 2082 sin
664 2031 760 2082 autem
777 2023 849 2080 nihil
866 2042 927 2080 csse
941 2024 973 2080 iu

25 2154 31 2167 .
131 2105 329 2162 observatione
342 2111 454 2180 putant,
464 2105 556 2163 multa
569 2104 682 2174 tollunt,
694 2104 797 2180 quibus
808 2103 883 2160 vitae
897 2104 972 2160 ratio

130 2185 301 2244 continetur.
348 2184 406 2241 Sed
426 2184 563 2261 quoniam
584 2184 655 2242 dant
675 2183 784 2261 aliquid
804 2183 891 2260 idque
912 2202 973 2240 non

130 2285 250 2342 parvum
271 2264 488 2322 vaticinationes
508 2283 575 2322 cum
596 2264 723 2335 somniis,
734 2263 808 2322 nihil
828 2269 872 2320 est
893 2263 972 2340 quod

131 2364 196 2402 cunr
207 2345 252 2402 his
266 2363 371 2422 magno
382 2363 468 2421 opere
479 2363 649 2421 pugnemus,
659 2343 825 2420 praesertim
836 2361 902 2400 cum
914 2343 974 2401 sint

131 2424 180 2501 qui
191 2425 309 2482 omnino
320 2423 428 2482 nullam
439 2423 645 2502 divinationem
654 2423 784 2500 probent.
815 2426 881 2480 114.
893 2421 973 2499 Ergo

131 2512 161 2561 et
174 2504 203 2575 ii,
216 2523 338 2581 quorum
352 2503 442 2561 animi
456 2504 560 2580 spretis
573 2502 741 2580 corporibus
757 2501 872 2560 evolant
885 2509 973 2579 atque

131 2591 284 2641 excurrunt
296 2585 382 2654 forae,
395 2584 494 2641 ardore
509 2583 605 2660 aliquo
619 2582 790 2640 inflammati
803 2590 890 2660 atque
904 2582 974 2639 inci·

131 2663 184 2721 tati
198 2668 318 2720 cernunt
331 2663 380 2720 illa
393 2663 533 2740 profecto,
546 2681 618 2739 quae
632 2662 820 2721 vaticinantes
833 2680 974 2738 praenun-

131 2743 212 2812 tiant,
224 2741 380 2818 multisque
396 2740 480 2799 rebus
493 2741 708 2800 inflammantur
724 2742 795 2800 tales
812 2741 909 2812 animi,
922 2741 974 2819 qui

132 2821 298 2897 corporibus
312 2839 371 2876 non
385 2821 541 2892 inhaerent,
552 2829 585 2879 ut
598 2823 628 2893 ii,
639 2823 688 2899 qui
703 2841 774 2880 sono
789 2821 914 2898 quodam
926 2840 974 2878 vo-

132 2918 198 2955 cum
212 2906 242 2955 et
255 2898 392 2974 Phrygiis
405 2901 536 2964 cantibus
546 2901 710 2960 incitantur.
753 2901 861 2958 Multos
875 2920 974 2959 nemo

132 2997 163 3034 ra
172 2977 321 3053 silvaeque,
329 2979 435 3036 multos
444 2998 541 3036 amnes
550 2987 600 3038 aut
608 2982 698 3038 maria
706 2988 897 3052 commovent,
905 3000 974 3058 quo·

133 3075 197 3113 rum
207 3055 363 3115 furibunda
372 3077 454 3116 mens
464 3059 543 3116 videt
553 3067 619 3119 ante
633 3062 725 3120 multo
737 3079 809 3138 quae
820 3060 975 3126 suntfutu-

134 3153 172 3192 ra
214 3134 279 3204 Quo
293 3136 329 3194 de
342 3155 445 3212 genere
458 3136 508 3194 illa
521 3145 603 3197 sunt:
