2224 3446
125 125 173 172 198
385 115 435 174 DE
454 121 703 171 DIVINATIONE.

124 244 171 282 am
193 224 251 281 mei
274 223 350 282 cives
371 223 416 281 vel
438 223 559 300 gratiam
582 223 679 300 potius
702 221 857 294 habebunt,
880 223 967 300 quod,

124 323 190 362 oum
207 309 281 360 esset
297 304 328 360 in
345 304 430 360 unius
444 309 587 380 potestate
604 322 648 360 res
665 301 787 379 publica,
803 321 896 379 neque
913 322 969 379 ego

123 403 170 441 me
195 383 292 441 abdidi
317 403 410 460 neque
434 383 546 440 deserui
570 401 663 459 neque
688 381 786 440 adflixi
809 401 902 459 neque
926 384 969 440 ita

123 465 199 541 gessi
227 463 308 541 quasi
332 462 445 520 homiui
472 470 523 520 aut
549 462 729 539 temporibus
757 462 846 520 iratus
874 481 969 539 neque

122 563 209 620 porro
226 544 267 601 ita
283 550 333 600 aut
350 542 481 600 adulatus
497 549 548 600 aut
563 543 721 600 admiratus
738 542 884 599 fortunam
903 562 967 599 sum

123 622 247 694 alterius,
263 631 296 681 ut
312 642 359 680 me
379 641 459 680 meae
476 623 644 699 paeniteret.
687 622 723 679 Id
740 623 816 679 enim
834 623 929 698 ipsum
951 642 968 679 a

122 703 244 760 Platone
271 702 512 780 philosophiaque
542 702 707 774 didiceram,
732 701 876 759 naturales
906 721 968 760 esse

123 782 260 859 quasdam
275 783 474 840 conversiones
488 781 780 858 rerumpublicarum,
794 790 826 839 ut
840 801 889 839 eae
902 787 968 838 turn

122 881 139 918 a
154 861 331 938 principibus
349 869 522 934 tenerentur,
534 869 598 920 tum
615 881 632 918 a
645 861 769 938 populiS,
782 861 935 938 aliquando
950 881 968 918 a

122 941 249 1018 singulis.
294 941 319 1000 7.
343 941 428 1011 Quod
443 961 508 999 cum
525 941 675 999 accidisset
689 948 803 998 nostrae
820 942 861 998 rei
874 941 968 1018 publi-

121 1039 178 1091 cae,
189 1027 251 1077 tum
266 1020 394 1098 pristinis
409 1021 502 1079 orbati
516 1020 681 1079 muneribus
692 1021 762 1078 haec
777 1021 872 1078 studia
885 1040 968 1078 reno

122 1119 186 1157 vare
209 1103 364 1178 coepimus,
383 1107 416 1158 ut
438 1109 467 1160 et
488 1103 600 1158 animus
622 1100 762 1158 molestiis
779 1100 832 1158 hac
852 1101 968 1177 potissi-

120 1199 201 1236 mum
216 1199 245 1238 re
257 1181 396 1238 levaretur
410 1187 439 1239 et
452 1182 652 1259 prodessemus
666 1180 775 1237 civibus
789 1181 895 1237 nostris
909 1200 967 1257 qua

121 1279 151 1317 re
165 1279 288 1338 cumque
301 1280 458 1338 possemus.
502 1261 537 1317 In
551 1261 632 1319 libris
646 1261 723 1318 enim
738 1260 910 1317 seutentiam
923 1260 967 1317 di-

121 1340 263 1413 cebamus,
276 1339 521 1411 contiouabamur,
531 1340 744 1418 philosophiam
759 1340 843 1397 nobis
857 1359 910 1416 pro
923 1341 966 1398 rei

57 1447 60 1454 ·
120 1420 251 1496 publicae
262 1421 462 1498 procuratione
473 1421 657 1478 substitutam
668 1419 847 1496 putabamus.
869 1419 899 1476 N
900 1439 964 1491 unc,

121 1501 258 1576 quoniam
275 1501 310 1558 de
332 1520 362 1558 re
379 1500 494 1577 publica
514 1499 625 1558 consuli
642 1500 738 1576 coepti
755 1519 861 1571 sumus,
876 1499 966 1557 tribu·

120 1580 195 1636 cuda
215 1589 258 1639 est
278 1600 366 1657 opera
385 1580 426 1638 rei
443 1579 573 1657 publicae
589 1580 635 1637 vel
656 1580 750 1636 omnis
766 1579 863 1657 potius
880 1578 910 1636 iu
932 1599 966 1637 ea

120 1660 259 1736 cogitatio
276 1668 306 1718 et
322 1680 390 1717 cura
403 1660 545 1736 ponenda,
557 1666 671 1718 tantum
686 1659 754 1716 huic
771 1659 866 1716 studio
881 1658 965 1716 relin-

121 1740 276 1815 quendum,
293 1747 432 1816 quantum
449 1739 562 1797 vacabit
579 1759 595 1796 a
612 1739 729 1816 publico
746 1738 841 1797 officio
857 1746 887 1797 et
903 1758 965 1796 rnu-

119 1837 195 1876 nere.
237 1819 296 1876 Sed
312 1819 381 1876 haec
398 1819 467 1877 alias
484 1820 630 1897 pluribus:
653 1838 730 1877 nunc
748 1819 784 1876 ad
801 1819 965 1877 institutam

120 1898 345 1974 disputationem
360 1906 542 1957 revertamur.

160 1977 213 2035 III.
239 1985 264 2035 8.
288 1978 362 2035 Nam
386 1999 451 2036 cunr
473 1980 509 2036 de
531 1979 708 2036 divinatione
730 1977 855 2048 Quintus
875 1979 965 2036 frater·

119 2077 153 2114 ea
170 2057 356 2128 disseruisset,
373 2078 446 2135 quae
463 2060 607 2135 superiore
622 2059 695 2116 libro
712 2060 818 2135 scripta
835 2067 910 2130 sunt,
923 2079 965 2116 sa·

120 2138 214 2214 tisque
229 2137 406 2196 ambulatum
417 2139 569 2210 videretur,
580 2146 643 2196 turn
656 2139 687 2195 in
697 2138 879 2209 bibliotheca,
891 2158 964 2215 quae

119 2218 149 2273 in
167 2217 257 2294 Lycio
274 2225 325 2290 est,
341 2218 512 2276 adsedimus.
554 2218 653 2296 Atque
673 2236 745 2296 ego:
767 2218 909 2277 Accurate
930 2226 963 2277 tu

120 2298 245 2373 quidem,
257 2298 384 2375 inquam,
395 2297 511 2370 Quinte,
524 2304 553 2356 et
567 2297 838 2356 Stoice-stoicorum
853 2305 964 2356 seuten-

119 2378 190 2434 tiam
204 2377 369 2449 defendisti,
382 2379 517 2456 quodque
534 2397 580 2435 me
594 2379 719 2436 maxime
733 2377 864 2449 delectat,
876 2378 963 2455 pluri·

118 2457 173 2513 mis
193 2458 300 2515 nostris
316 2457 455 2535 exemplis
471 2478 539 2515 usus
556 2477 586 2515 es
603 2459 684 2515 otiis
701 2458 818 2535 quidem
835 2458 916 2515 claris
933 2465 963 2516 et

118 2536 283 2595 illustribus.
325 2537 490 2596 Dicendum
511 2545 554 2595 est
574 2537 648 2595 mihi
665 2538 755 2614 igitur
775 2536 813 2594 ad
833 2557 873 2608 ea,
890 2557 963 2615 quae

119 2623 185 2673 suut
206 2636 222 2674 a
239 2623 268 2674 te
284 2617 369 2688 dicta,
386 2618 436 2675 sed
452 2618 501 2689 ita,
516 2616 588 2674 nihil
605 2625 639 2675 ut
655 2617 812 2689 adfirmem,
829 2637 963 2694 quaeram

118 2695 223 2766 omnia,
241 2695 377 2755 dubitans
400 2697 568 2774 plerumque
591 2703 620 2755 et
641 2697 715 2755 mihi
736 2697 797 2774 ipse
820 2696 960 2756 diffidens.
995 2736 997 2741 ·
1102 2751 1103 2758 ,

119 2773 150 2830 Si
173 2773 249 2830 enim
272 2774 382 2851 aliquid
404 2776 474 2832 certi
496 2776 630 2834 haberem
653 2777 732 2854 quod
754 2777 887 2848 dicerem,
908 2797 963 2854 ego

118 2851 180 2927 ipse
198 2852 363 2923 divinarem,
377 2855 426 2930 qui
441 2874 501 2913 esse
515 2855 722 2914 divinationem
736 2875 819 2932 nego.
864 2863 891 2914 9.
913 2857 964 2915 Ee

119 2930 195 2986 enirn
223 2948 269 2986 me
295 2940 394 2989 movet
418 2933 497 3004 illud,
520 2935 598 3010 quod
622 2936 653 2992 in
676 2936 777 3013 primis
801 2935 963 2995 Carneades

119 3026 251 3084 quaerere
273 3009 389 3080 solebat,
406 3031 593 3088 quarumnam
610 3034 704 3072 rerum
722 3015 861 3072 divinatio
878 3023 962 3088 esset,

119 3105 262 3156 earumne,
279 3105 350 3164 quae
367 3091 496 3148 sensibus
509 3094 740 3169 perciperentur?
780 3094 884 3152 Ateus
901 3097 964 3173 qui·

118 3164 184 3221 dem
203 3165 352 3236 cernimus,
368 3169 508 3241 audimus
523 3179 680 3246 gustamus,
697 3173 857 3245 olfacimus,
869 3176 964 3252 tangi·
