2220 3432
107 101 139 148 82
332 97 382 148 Du
399 97 550 148 NATURA
565 96 725 147 DEORUM.

107 199 337 278 impendentium
352 199 495 256 montium
509 198 675 256 altitudines
685 199 951 277 immensitatesque

107 296 291 356 camporum:
313 278 387 336 adde
408 279 496 336 etiam
517 278 678 336 reconditas
699 279 760 336 auri
782 280 950 357 argentique

106 377 192 416 venas
206 357 405 434 infinitamque
416 359 474 414 vim
489 359 647 416 marmoris.
687 363 733 417 99.
749 357 829 428 Quae
839 379 906 418 vcro
921 367 950 418 et

107 457 192 515 quam
202 437 278 495 varia
288 456 393 514 genera
403 437 558 494 bestiarum
567 437 611 495 vol
623 439 749 496 cicurum
758 439 802 496 vel
811 440 948 511 ferarum,

107 518 156 595 qui
173 517 321 575 volucrum
337 517 433 593 lapsus
450 524 536 594 atque
552 525 661 590 cantus,
674 520 724 596 qui
740 519 884 596 pecudum
901 539 951 597 pa-

106 605 176 670 stus„
188 617 261 675 quae
275 597 335 654 vita
348 597 538 655 silvestrium!
580 597 656 666 Quid
671 598 728 655 iarn
746 599 782 656 de
796 599 949 657 hominum

105 697 209 754 genere
230 677 345 734 dicaml
370 677 420 754 qui
441 677 522 754 quasi
543 677 666 736 cultores
686 684 777 736 terrae
798 679 950 737 constituti

106 777 165 814 non
175 759 325 834 patiuntur
339 776 401 814 earn
415 776 468 814 nec
482 758 661 816 immanitate
675 757 823 816 beluarum
838 760 950 817 efferari

105 856 158 894 uec
175 837 308 914 stirpium
326 837 478 915 asperitate
491 837 603 909 vastari,
617 857 796 916 quorumque
814 838 950 916 operibus

106 917 176 992 agri,
188 916 296 974 insulae
310 917 451 995 litoraque
464 917 606 976 collucent
620 918 757 977 distincta
766 920 850 976 tectis
865 926 894 976 et
905 939 951 976 ur-

105 996 198 1054 bibus.
240 996 319 1065 Quae
341 997 364 1054 si
385 1005 418 1055 ut
438 999 550 1070 animis
566 998 606 1055 sic
627 998 717 1056 oculis
737 999 834 1057 videre
854 1018 950 1077 posse·

105 1096 178 1146 mus,
188 1096 274 1134 nemo
288 1085 420 1134 cunctam
432 1078 547 1137 intuens
557 1084 662 1136 terram
677 1079 713 1137 de
727 1079 825 1137 divina
838 1080 951 1138 ratione

106 1155 258 1214 dubitaret.
295 1162 361 1214 100.
377 1157 419 1214 At
433 1177 499 1216 vero
515 1168 622 1235 quanta
635 1159 721 1216 maris
735 1165 779 1217 est
793 1159 950 1236 pulchritu-

107 1237 154 1309 do,
168 1256 240 1314 quae
255 1237 362 1314 species
375 1238 509 1310 universi,
522 1257 593 1315 quae
610 1239 767 1297 multitudo
784 1247 814 1298 et
827 1240 950 1298 varietas

105 1316 270 1389 insularum,
279 1336 351 1394 quae
362 1318 549 1375 amoenitates
560 1338 673 1376 orarum
685 1338 717 1377 ac
728 1319 861 1378 litorum!
876 1329 950 1397 quot

104 1417 210 1474 genera
226 1416 369 1475 quamque
386 1397 512 1474 disparia
528 1399 634 1474 partim
651 1399 871 1472 submersarum,
886 1420 950 1477 par·

105 1479 160 1535 tim
180 1477 356 1535 fluitantium
379 1485 408 1535 et
428 1478 591 1535 innantium
612 1477 768 1551 beluarum,
784 1480 889 1556 partim
911 1480 950 1538 ad

106 1578 173 1615 saxa
186 1559 291 1616 nativis
304 1558 386 1616 testis
396 1557 623 1616 inhaerentium!
645 1558 743 1635 Ipsum
759 1567 856 1617 autem
870 1579 949 1618 mare

105 1639 145 1696 sic
159 1646 264 1696 terram
281 1644 419 1715 appetens
436 1638 569 1695 litoribus
585 1637 701 1710 claudit,
713 1646 746 1696 ut
760 1659 817 1697 una
832 1659 866 1697 ex
881 1640 949 1698 dua·

104 1719 159 1775 bus
175 1719 284 1776 naturis
301 1717 425 1775 conflata
438 1718 576 1776 videatur.
621 1724 687 1777 101.
706 1719 780 1776 Exin
798 1721 870 1776 mari
886 1719 949 1778 fini·

105 1798 194 1856 timus
210 1801 260 1855 adr
273 1798 320 1855 die
337 1805 367 1855 et
381 1805 465 1856 nocte
483 1798 677 1875 distinguitur,
690 1799 771 1876 isque
788 1805 851 1856 tum
866 1800 949 1858 fusus

105 1885 135 1936 et
145 1884 314 1936 extenuatus
329 1877 450 1936 sublime
461 1879 560 1948 fertur,
570 1886 633 1936 tum
648 1886 744 1936 autem
755 1887 906 1938 concretus
916 1881 949 1937 in

104 1958 195 2016 nubes
209 1959 323 2035 cogitur
338 1977 523 2035 umoremque
534 1958 671 2036 colligens
681 1966 786 2016 terram
798 1967 885 2037 auget
896 1960 950 2016 im-

104 2037 212 2109 bribus,
222 2045 285 2095 turn
300 2037 417 2096 effluens
430 2038 487 2096 huc
501 2045 530 2096 et
541 2038 607 2096 illuc
619 2049 720 2096 ventos
734 2039 829 2097 efficit.
865 2039 949 2098 Idem

105 2137 213 2175 annuas
227 2119 369 2194 frigorum
383 2125 413 2176 et
426 2118 552 2176 calorum
566 2119 637 2176 facit
648 2120 799 2178 varietates
813 2119 949 2197 idemque

105 2205 135 2256 et
146 2197 256 2256 volatus
267 2198 367 2255 alitum
379 2199 500 2256 sustinet
514 2206 543 2256 et
554 2199 655 2276 spiritu
670 2200 774 2257 ductus
788 2200 839 2257 alit
850 2207 879 2258 ct
890 2221 950 2258 sus·

104 2284 198 2335 tentat
218 2279 385 2336 animantes.
428 2278 489 2336 XL.
512 2279 613 2337 Restat
629 2279 749 2337 ultimus
770 2287 799 2338 et
820 2299 837 2337 a
857 2280 950 2338 domi-

105 2358 178 2416 ciliis
199 2359 305 2416 nostris
327 2358 482 2416 altissimus
505 2359 603 2416 omnia
624 2360 742 2436 cingens
763 2368 793 2418 et
813 2366 950 2418 coercens

105 2437 175 2495 caeli
196 2437 370 2515 complexus,
389 2439 439 2515 qui
459 2438 537 2496 idem
561 2439 659 2497 aether
679 2448 805 2510 vocatur,
821 2447 950 2498 extrema

105 2537 155 2575 ora
169 2524 198 2575 et
211 2517 413 2575 determinatio
428 2519 538 2590 mundi,
550 2519 580 2576 in
595 2539 653 2597 quo
668 2539 733 2577 cum
745 2520 950 2577 admirabilita-

104 2604 133 2654 te
148 2599 274 2655 maxima
287 2598 387 2674 igneae
401 2597 511 2656 formae
523 2617 621 2656 cursus
634 2599 783 2657 ordinatos
796 2599 947 2658 definiunt.

106 2683 172 2735 102.
190 2677 215 2734 Ε
233 2677 336 2754 quibus
358 2677 408 2749 sol,
424 2678 504 2734 cuius
526 2679 725 2755 magnitudine
746 2680 846 2737 multis
862 2681 950 2756 parti-

104 2757 158 2814 bus
169 2764 244 2814 terra
258 2765 414 2834 superatur,
425 2758 531 2815 circum
546 2779 609 2816 eam
620 2760 712 2837 ipsam
724 2761 856 2832 volvitur,
867 2761 949 2837 isque

106 2837 199 2894 oriens
213 2843 242 2894 et
257 2838 390 2895 occidens
404 2838 481 2895 diem
498 2846 669 2916 noctemque
686 2840 802 2898 coniicit
816 2847 846 2898 et
858 2840 949 2897 modo

105 2917 250 2988 accedens,
260 2923 323 2974 tum
337 2925 434 2976 autem
447 2919 589 2990 recedens,
598 2920 679 2976 binas
689 2921 720 2976 iu
731 2921 852 2998 singulis
865 2921 949 2977 annis

105 2996 279 3054 reversiones
300 2997 335 3054 ab
357 3005 484 3056 extremo
506 3000 661 3057 contrarias
677 3000 757 3073 facit,
769 3020 889 3078 quarum
906 3001 949 3057 in-

106 3075 224 3131 tervallo
235 3081 297 3132 tum
312 3078 390 3153 quasi
405 3079 523 3136 tristitia
537 3080 659 3156 quadam
674 3081 819 3138 contrahit
832 3087 947 3152 terram,

106 3158 171 3210 tum
182 3153 305 3211 vicissim
316 3155 457 3227 laetificat,
468 3166 501 3216 ut
511 3179 576 3217 cum
588 3159 666 3218 caelo
677 3160 797 3219 hilarata
807 3161 956 3219 videatur..
