<?xml version="1.0" encoding="UTF-8"?>
<!DOCTYPE html PUBLIC "-//W3C//DTD XHTML 1.0 Transitional//EN"
    "http://www.w3.org/TR/xhtml1/DTD/xhtml1-transitional.dtd">
<html xmlns="http://www.w3.org/1999/xhtml" xml:lang="en" lang="en">
 <head>
  <title>
</title>
<meta http-equiv="Content-Type" content="text/html;charset=utf-8" />
  <meta name='ocr-system' content='tesseract 3.04.00' />
  <meta name='ocr-capabilities' content='ocr_page ocr_carea ocr_par ocr_line ocrx_word'/>
</head>
<body>
  <div class='ocr_page' id='page_1' title='image "./mtulliiciceroni106cicegoog/mtulliiciceroni106cicegoog_0201.png"; bbox 0 0 2224 3446; ppageno 0'>
   <div class='ocr_carea' id='block_1_1' title="bbox 124 98 701 148">
    <p class='ocr_par' dir='ltr' id='par_1_1' title="bbox 124 98 701 148">
     <span class='ocr_line' id='line_1_1' title="bbox 124 98 701 148; baseline 0 -2"><span class='ocrx_word' id='word_1_1' title='bbox 124 100 172 147; x_wconf 87' lang='grc'>190</span> <span class='ocrx_word' id='word_1_2' title='bbox 383 99 433 146; x_wconf 82' lang='lat' dir='ltr'>Du</span> <span class='ocrx_word' id='word_1_3' title='bbox 450 98 701 148; x_wconf 81' lang='lat' dir='ltr'><strong>DIVINATIONE.</strong></span> 
     </span>
    </p>
   </div>
   <div class='ocr_carea' id='block_1_2' title="bbox 121 197 967 3227">
    <p class='ocr_par' dir='ltr' id='par_1_2' title="bbox 121 197 967 2731">
     <span class='ocr_line' id='line_1_2' title="bbox 122 197 966 275; baseline -0.001 -18"><span class='ocrx_word' id='word_1_4' title='bbox 122 199 202 258; x_wconf 92' lang='lat' dir='ltr'>libris</span> <span class='ocrx_word' id='word_1_5' title='bbox 216 197 426 256; x_wconf 78' lang='lat' dir='ltr'><strong>Socraticorum</strong></span> <span class='ocrx_word' id='word_1_6' title='bbox 441 218 524 275; x_wconf 82' lang='lat' dir='ltr'>saepe</span> <span class='ocrx_word' id='word_1_7' title='bbox 538 198 652 268; x_wconf 89' lang='lat' dir='ltr'>dicitur,</span> <span class='ocrx_word' id='word_1_8' title='bbox 664 217 724 256; x_wconf 89' lang='lat' dir='ltr'>esse</span> <span class='ocrx_word' id='word_1_9' title='bbox 739 197 868 256; x_wconf 89' lang='lat' dir='ltr'>divinum</span> <span class='ocrx_word' id='word_1_10' title='bbox 884 197 966 274; x_wconf 90' lang='lat' dir='ltr'>quid·</span> 
     </span>
     <span class='ocr_line' id='line_1_3' title="bbox 122 277 966 356; baseline -0.001 -20"><span class='ocrx_word' id='word_1_11' title='bbox 122 279 198 350; x_wconf 88' lang='lat' dir='ltr'>dam,</span> <span class='ocrx_word' id='word_1_12' title='bbox 209 278 288 356; x_wconf 91' lang='lat' dir='ltr'>quod</span> <span class='ocrx_word' id='word_1_13' title='bbox 304 277 446 354; x_wconf 76' lang='grc' dir='ltr'>δαιμόνιον</span> <span class='ocrx_word' id='word_1_14' title='bbox 460 278 592 355; x_wconf 90' lang='lat' dir='ltr'>appellat,</span> <span class='ocrx_word' id='word_1_15' title='bbox 605 279 651 337; x_wconf 90' lang='lat' dir='ltr'>cui</span> <span class='ocrx_word' id='word_1_16' title='bbox 666 297 777 355; x_wconf 84' lang='lat' dir='ltr'><strong>semper</strong></span> <span class='ocrx_word' id='word_1_17' title='bbox 791 279 852 355; x_wconf 90' lang='lat' dir='ltr'>ipse</span> <span class='ocrx_word' id='word_1_18' title='bbox 866 297 966 354; x_wconf 91' lang='lat' dir='ltr'>parue-</span> 
     </span>
     <span class='ocr_line' id='line_1_4' title="bbox 122 358 966 436; baseline 0 -21"><span class='ocrx_word' id='word_1_19' title='bbox 122 360 168 429; x_wconf 91' lang='lat' dir='ltr'>rit,</span> <span class='ocrx_word' id='word_1_20' title='bbox 180 378 337 435; x_wconf 85' lang='lat' dir='ltr'><strong>numquam</strong></span> <span class='ocrx_word' id='word_1_21' title='bbox 352 358 518 436; x_wconf 83' lang='lat' dir='ltr'>impellenti,</span> <span class='ocrx_word' id='word_1_22' title='bbox 531 378 615 435; x_wconf 85' lang='lat' dir='ltr'>saepe</span> <span class='ocrx_word' id='word_1_23' title='bbox 629 359 782 416; x_wconf 78' lang='lat' dir='ltr'>revocanti,</span> <span class='ocrx_word' id='word_1_24' title='bbox 814 358 853 415; x_wconf 89' lang='lat' dir='ltr'>Et</span> <span class='ocrx_word' id='word_1_25' title='bbox 867 358 966 415; x_wconf 87' lang='lat' dir='ltr'>Socra-</span> 
     </span>
     <span class='ocr_line' id='line_1_5' title="bbox 122 437 966 516; baseline -0.002 -20"><span class='ocrx_word' id='word_1_26' title='bbox 122 447 165 496; x_wconf 91' lang='lat' dir='ltr'>tes</span> <span class='ocrx_word' id='word_1_27' title='bbox 187 439 402 516; x_wconf 84' lang='lat' dir='ltr'>quidem-quo</span> <span class='ocrx_word' id='word_1_28' title='bbox 424 457 509 515; x_wconf 90' lang='lat' dir='ltr'>quem</span> <span class='ocrx_word' id='word_1_29' title='bbox 526 448 672 496; x_wconf 72' lang='lat' dir='ltr'>auctorem</span> <span class='ocrx_word' id='word_1_30' title='bbox 688 437 836 495; x_wconf 90' lang='lat' dir='ltr'>meliorem</span> <span class='ocrx_word' id='word_1_31' title='bbox 855 439 966 514; x_wconf 89' lang='lat' dir='ltr'>quaeri·</span> 
     </span>
     <span class='ocr_line' id='line_1_6' title="bbox 122 517 964 596; baseline -0.001 -21"><span class='ocrx_word' id='word_1_32' title='bbox 122 518 434 596; x_wconf 75' lang='lat' dir='ltr'>must—Xenophonti</span> <span class='ocrx_word' id='word_1_33' title='bbox 450 518 610 576; x_wconf 81' lang='lat' dir='ltr'>consulenti</span> <span class='ocrx_word' id='word_1_34' title='bbox 627 525 828 594; x_wconf 86' lang='lat' dir='ltr'>sequereturne</span> <span class='ocrx_word' id='word_1_35' title='bbox 845 517 964 593; x_wconf 88' lang='lat' dir='ltr'>Cyrum,</span> 
     </span>
     <span class='ocr_line' id='line_1_7' title="bbox 121 597 967 675; baseline -0.002 -19"><span class='ocrx_word' id='word_1_36' title='bbox 121 606 223 674; x_wconf 85' lang='lat' dir='ltr'>postea</span> <span class='ocrx_word' id='word_1_37' title='bbox 236 617 322 675; x_wconf 92' lang='lat' dir='ltr'>quam</span> <span class='ocrx_word' id='word_1_38' title='bbox 337 598 470 674; x_wconf 83' lang='lat' dir='ltr'>exposuit</span> <span class='ocrx_word' id='word_1_39' title='bbox 481 617 553 674; x_wconf 87' lang='lat' dir='ltr'>quae</span> <span class='ocrx_word' id='word_1_40' title='bbox 565 598 620 674; x_wconf 92' lang='lat' dir='ltr'>ipsi</span> <span class='ocrx_word' id='word_1_41' title='bbox 631 597 816 655; x_wconf 88' lang='lat' dir='ltr'>videbantur:</span> <span class='ocrx_word' id='word_1_42' title='bbox 839 597 856 624; x_wconf 89' lang='lat'><strong>“</strong></span> <span class='ocrx_word' id='word_1_43' title='bbox 866 597 905 655; x_wconf 89' lang='lat' dir='ltr'>Et</span> <span class='ocrx_word' id='word_1_44' title='bbox 915 617 967 654; x_wconf 90' lang='lat' dir='ltr'>no·</span> 
     </span>
     <span class='ocr_line' id='line_1_8' title="bbox 122 676 967 755; baseline 0 -21"><span class='ocrx_word' id='word_1_45' title='bbox 122 685 213 735; x_wconf 90' lang='lat' dir='ltr'>strum</span> <span class='ocrx_word' id='word_1_46' title='bbox 227 679 344 755; x_wconf 92' lang='lat' dir='ltr'>quidem</span> <span class='ocrx_word' id='word_1_47' title='bbox 353 677 369 704; x_wconf 87' lang='lat'><strong>”</strong></span> <span class='ocrx_word' id='word_1_48' title='bbox 382 677 477 754; x_wconf 90' lang='lat' dir='ltr'>inquit</span> <span class='ocrx_word' id='word_1_49' title='bbox 488 677 675 734; x_wconf 89' lang='lat' dir='ltr'>“humanum</span> <span class='ocrx_word' id='word_1_50' title='bbox 688 685 732 734; x_wconf 89' lang='lat' dir='ltr'>est</span> <span class='ocrx_word' id='word_1_51' title='bbox 743 676 903 748; x_wconf 90' lang='lat' dir='ltr'>consilium,</span> <span class='ocrx_word' id='word_1_52' title='bbox 914 677 967 734; x_wconf 92' lang='lat' dir='ltr'>sed</span> 
     </span>
     <span class='ocr_line' id='line_1_9' title="bbox 121 755 966 834; baseline 0 -20"><span class='ocrx_word' id='word_1_53' title='bbox 121 758 158 815; x_wconf 91' lang='lat' dir='ltr'>de</span> <span class='ocrx_word' id='word_1_54' title='bbox 172 757 256 814; x_wconf 91' lang='lat' dir='ltr'>rebus</span> <span class='ocrx_word' id='word_1_55' title='bbox 271 764 300 814; x_wconf 90' lang='lat' dir='ltr'>et</span> <span class='ocrx_word' id='word_1_56' title='bbox 315 758 442 815; x_wconf 86' lang='lat' dir='ltr'>obscuris</span> <span class='ocrx_word' id='word_1_57' title='bbox 456 764 486 814; x_wconf 90' lang='lat' dir='ltr'>et</span> <span class='ocrx_word' id='word_1_58' title='bbox 499 757 615 815; x_wconf 87' lang='lat' dir='ltr'>incertis</span> <span class='ocrx_word' id='word_1_59' title='bbox 629 757 666 814; x_wconf 90' lang='lat' dir='ltr'>ad</span> <span class='ocrx_word' id='word_1_60' title='bbox 680 755 847 834; x_wconf 89' lang='lat' dir='ltr'>Apollinem</span> <span class='ocrx_word' id='word_1_61' title='bbox 862 761 966 814; x_wconf 85' lang='lat' dir='ltr'>censeo</span> 
     </span>
     <span class='ocr_line' id='line_1_10' title="bbox 122 833 967 914; baseline 0 -21"><span class='ocrx_word' id='word_1_62' title='bbox 122 836 331 908; x_wconf 84' lang='lat' dir='ltr'>referendum,”</span> <span class='ocrx_word' id='word_1_63' title='bbox 341 837 378 894; x_wconf 91' lang='lat' dir='ltr'>ad</span> <span class='ocrx_word' id='word_1_64' title='bbox 393 855 478 914; x_wconf 89' lang='lat' dir='ltr'>quern</span> <span class='ocrx_word' id='word_1_65' title='bbox 493 837 580 894; x_wconf 87' lang='lat' dir='ltr'>ctiam</span> <span class='ocrx_word' id='word_1_66' title='bbox 594 836 786 895; x_wconf 88' lang='lat' dir='ltr'>Athenienses</span> <span class='ocrx_word' id='word_1_67' title='bbox 799 833 914 913; x_wconf 88' lang='lat' dir='ltr'>publice</span> <span class='ocrx_word' id='word_1_68' title='bbox 928 835 967 893; x_wconf 92' lang='lat' dir='ltr'>de</span> 
     </span>
     <span class='ocr_line' id='line_1_11' title="bbox 121 915 967 993; baseline -0.001 -20"><span class='ocrx_word' id='word_1_69' title='bbox 121 915 278 974; x_wconf 89' lang='lat' dir='ltr'>maioribus</span> <span class='ocrx_word' id='word_1_70' title='bbox 291 916 376 974; x_wconf 92' lang='lat' dir='ltr'>rebus</span> <span class='ocrx_word' id='word_1_71' title='bbox 390 936 503 993; x_wconf 90' lang='lat' dir='ltr'>semper</span> <span class='ocrx_word' id='word_1_72' title='bbox 515 916 695 974; x_wconf 82' lang='lat' dir='ltr'>rettulemnt</span> <span class='ocrx_word' id='word_1_73' title='bbox 733 922 798 974; x_wconf 76' lang='lat'>123.</span> <span class='ocrx_word' id='word_1_74' title='bbox 817 915 967 992; x_wconf 83' lang='lat' dir='ltr'>Scriptum</span> 
     </span>
     <span class='ocr_line' id='line_1_12' title="bbox 122 995 967 1072; baseline -0.002 -18"><span class='ocrx_word' id='word_1_75' title='bbox 122 1003 166 1054; x_wconf 91' lang='lat' dir='ltr'>est</span> <span class='ocrx_word' id='word_1_76' title='bbox 181 996 260 1067; x_wconf 88' lang='lat' dir='ltr'>item,</span> <span class='ocrx_word' id='word_1_77' title='bbox 273 1015 339 1055; x_wconf 91' lang='lat' dir='ltr'>cum</span> <span class='ocrx_word' id='word_1_78' title='bbox 356 996 484 1054; x_wconf 81' lang='lat' dir='ltr'>Critonis</span> <span class='ocrx_word' id='word_1_79' title='bbox 501 997 544 1054; x_wconf 88' lang='lat' dir='ltr'>sui</span> <span class='ocrx_word' id='word_1_80' title='bbox 560 996 710 1054; x_wconf 87' lang='lat' dir='ltr'>familiaris</span> <span class='ocrx_word' id='word_1_81' title='bbox 726 995 841 1054; x_wconf 88' lang='lat' dir='ltr'>oculum</span> <span class='ocrx_word' id='word_1_82' title='bbox 858 996 967 1072; x_wconf 81' lang='lat' dir='ltr'>adliga-</span> 
     </span>
     <span class='ocr_line' id='line_1_13' title="bbox 121 1075 967 1153; baseline -0.001 -20"><span class='ocrx_word' id='word_1_83' title='bbox 121 1083 185 1133; x_wconf 90' lang='lat' dir='ltr'>tum</span> <span class='ocrx_word' id='word_1_84' title='bbox 200 1076 325 1148; x_wconf 89' lang='lat' dir='ltr'>vidisset,</span> <span class='ocrx_word' id='word_1_85' title='bbox 335 1077 506 1153; x_wconf 88' lang='lat' dir='ltr'>quaesivisse</span> <span class='ocrx_word' id='word_1_86' title='bbox 524 1077 594 1153; x_wconf 92' lang='lat' dir='ltr'>quid</span> <span class='ocrx_word' id='word_1_87' title='bbox 611 1084 701 1134; x_wconf 89' lang='lat' dir='ltr'>esset:</span> <span class='ocrx_word' id='word_1_88' title='bbox 722 1096 789 1134; x_wconf 89' lang='lat' dir='ltr'>curn</span> <span class='ocrx_word' id='word_1_89' title='bbox 805 1083 902 1133; x_wconf 90' lang='lat' dir='ltr'>autem</span> <span class='ocrx_word' id='word_1_90' title='bbox 917 1075 967 1132; x_wconf 92' lang='lat' dir='ltr'>ille</span> 
     </span>
     <span class='ocr_line' id='line_1_14' title="bbox 121 1155 965 1233; baseline 0 -21"><span class='ocrx_word' id='word_1_91' title='bbox 121 1156 315 1233; x_wconf 89' lang='lat' dir='ltr'>respondisset</span> <span class='ocrx_word' id='word_1_92' title='bbox 329 1157 359 1214; x_wconf 89' lang='lat' dir='ltr'>in</span> <span class='ocrx_word' id='word_1_93' title='bbox 376 1176 445 1233; x_wconf 87' lang='lat' dir='ltr'>agro</span> <span class='ocrx_word' id='word_1_94' title='bbox 462 1156 620 1214; x_wconf 84' lang='lat' dir='ltr'>ambulanti</span> <span class='ocrx_word' id='word_1_95' title='bbox 637 1155 779 1213; x_wconf 90' lang='lat' dir='ltr'>ramulum</span> <span class='ocrx_word' id='word_1_96' title='bbox 796 1156 965 1226; x_wconf 89' lang='lat' dir='ltr'>adductum,</span> 
     </span>
     <span class='ocr_line' id='line_1_15' title="bbox 122 1235 967 1307; baseline 0 -15"><span class='ocrx_word' id='word_1_97' title='bbox 122 1243 155 1292; x_wconf 93' lang='lat' dir='ltr'>ut</span> <span class='ocrx_word' id='word_1_98' title='bbox 168 1235 302 1294; x_wconf 89' lang='lat' dir='ltr'>remissus</span> <span class='ocrx_word' id='word_1_99' title='bbox 317 1243 398 1307; x_wconf 90' lang='lat' dir='ltr'>esset,</span> <span class='ocrx_word' id='word_1_100' title='bbox 411 1237 440 1293; x_wconf 93' lang='lat' dir='ltr'>in</span> <span class='ocrx_word' id='word_1_101' title='bbox 456 1237 571 1294; x_wconf 90' lang='lat' dir='ltr'>oculum</span> <span class='ocrx_word' id='word_1_102' title='bbox 585 1255 668 1292; x_wconf 90' lang='lat' dir='ltr'>suum</span> <span class='ocrx_word' id='word_1_103' title='bbox 683 1237 825 1307; x_wconf 84' lang='lat' dir='ltr'>recidisse,</span> <span class='ocrx_word' id='word_1_104' title='bbox 836 1243 900 1294; x_wconf 90' lang='lat' dir='ltr'>tum</span> <span class='ocrx_word' id='word_1_105' title='bbox 915 1235 967 1292; x_wconf 83' lang='lat' dir='ltr'>So·</span> 
     </span>
     <span class='ocr_line' id='line_1_16' title="bbox 122 1316 967 1393; baseline -0.001 -21"><span class='ocrx_word' id='word_1_106' title='bbox 122 1321 231 1373; x_wconf 92' lang='lat' dir='ltr'>crates:</span> <span class='ocrx_word' id='word_1_107' title='bbox 263 1316 357 1373; x_wconf 86' lang='lat' dir='ltr'>“Non</span> <span class='ocrx_word' id='word_1_108' title='bbox 382 1317 459 1373; x_wconf 90' lang='lat' dir='ltr'>enim</span> <span class='ocrx_word' id='word_1_109' title='bbox 484 1316 605 1393; x_wconf 85' lang='lat' dir='ltr'>paruisti</span> <span class='ocrx_word' id='word_1_110' title='bbox 628 1316 702 1372; x_wconf 91' lang='lat' dir='ltr'>mihi</span> <span class='ocrx_word' id='word_1_111' title='bbox 726 1316 879 1386; x_wconf 85' lang='lat' dir='ltr'>revocanti,</span> <span class='ocrx_word' id='word_1_112' title='bbox 898 1334 967 1372; x_wconf 89' lang='lat' dir='ltr'>cum</span> 
     </span>
     <span class='ocr_line' id='line_1_17' title="bbox 122 1395 966 1473; baseline 0 -21"><span class='ocrx_word' id='word_1_113' title='bbox 122 1402 216 1454; x_wconf 89' lang='lat' dir='ltr'>uterer</span> <span class='ocrx_word' id='word_1_114' title='bbox 231 1414 287 1472; x_wconf 86' lang='lat' dir='ltr'>qua</span> <span class='ocrx_word' id='word_1_115' title='bbox 300 1396 378 1453; x_wconf 89' lang='lat' dir='ltr'>soleo</span> <span class='ocrx_word' id='word_1_116' title='bbox 392 1397 601 1473; x_wconf 81' lang='lat' dir='ltr'>praesagitione</span> <span class='ocrx_word' id='word_1_117' title='bbox 616 1395 740 1454; x_wconf 88' lang='lat' dir='ltr'>divina’&#39;</span> <span class='ocrx_word' id='word_1_118' title='bbox 780 1395 861 1452; x_wconf 91' lang='lat' dir='ltr'>Idem</span> <span class='ocrx_word' id='word_1_119' title='bbox 876 1397 966 1452; x_wconf 87' lang='lat' dir='ltr'>etiam</span> 
     </span>
     <span class='ocr_line' id='line_1_18' title="bbox 122 1475 966 1552; baseline 0 -20"><span class='ocrx_word' id='word_1_120' title='bbox 122 1475 262 1547; x_wconf 85' lang='lat' dir='ltr'>Socrates,</span> <span class='ocrx_word' id='word_1_121' title='bbox 280 1495 346 1533; x_wconf 87' lang='lat' dir='ltr'>curn</span> <span class='ocrx_word' id='word_1_122' title='bbox 371 1477 448 1552; x_wconf 93' lang='lat' dir='ltr'>apud</span> <span class='ocrx_word' id='word_1_123' title='bbox 468 1475 586 1534; x_wconf 91' lang='lat' dir='ltr'>Delium</span> <span class='ocrx_word' id='word_1_124' title='bbox 609 1475 683 1533; x_wconf 92' lang='lat' dir='ltr'>male</span> <span class='ocrx_word' id='word_1_125' title='bbox 704 1483 865 1552; x_wconf 87' lang='lat' dir='ltr'>pugnatum</span> <span class='ocrx_word' id='word_1_126' title='bbox 890 1482 966 1532; x_wconf 82' lang='lat' dir='ltr'>esset</span> 
     </span>
     <span class='ocr_line' id='line_1_19' title="bbox 123 1553 966 1633; baseline 0.001 -22"><span class='ocrx_word' id='word_1_127' title='bbox 123 1553 246 1612; x_wconf 89' lang='lat' dir='ltr'>Lachete</span> <span class='ocrx_word' id='word_1_128' title='bbox 266 1563 396 1633; x_wconf 89' lang='lat' dir='ltr'>praetore</span> <span class='ocrx_word' id='word_1_129' title='bbox 417 1557 588 1632; x_wconf 83' lang='lat' dir='ltr'>fugeretque</span> <span class='ocrx_word' id='word_1_130' title='bbox 612 1557 762 1632; x_wconf 88' lang='lat' dir='ltr'>cumipse</span> <span class='ocrx_word' id='word_1_131' title='bbox 784 1554 916 1626; x_wconf 86' lang='lat' dir='ltr'>Lachete,</span> <span class='ocrx_word' id='word_1_132' title='bbox 932 1563 966 1612; x_wconf 90' lang='lat' dir='ltr'>ut</span> 
     </span>
     <span class='ocr_line' id='line_1_20' title="bbox 122 1635 966 1712; baseline -0.001 -20"><span class='ocrx_word' id='word_1_133' title='bbox 122 1642 241 1692; x_wconf 90' lang='lat' dir='ltr'>ventum</span> <span class='ocrx_word' id='word_1_134' title='bbox 261 1643 306 1693; x_wconf 88' lang='lat' dir='ltr'>est</span> <span class='ocrx_word' id='word_1_135' title='bbox 322 1636 352 1692; x_wconf 89' lang='lat' dir='ltr'>in</span> <span class='ocrx_word' id='word_1_136' title='bbox 369 1635 495 1704; x_wconf 90' lang='lat' dir='ltr'>trivium,</span> <span class='ocrx_word' id='word_1_137' title='bbox 508 1637 607 1694; x_wconf 90' lang='lat' dir='ltr'>eadem</span> <span class='ocrx_word' id='word_1_138' title='bbox 623 1655 679 1712; x_wconf 88' lang='lat' dir='ltr'>qua</span> <span class='ocrx_word' id='word_1_139' title='bbox 695 1635 782 1693; x_wconf 88' lang='lat' dir='ltr'>ccteri</span> <span class='ocrx_word' id='word_1_140' title='bbox 798 1636 898 1711; x_wconf 86' lang='lat' dir='ltr'>fugere</span> <span class='ocrx_word' id='word_1_141' title='bbox 916 1654 966 1691; x_wconf 90' lang='lat' dir='ltr'>no·</span> 
     </span>
     <span class='ocr_line' id='line_1_21' title="bbox 123 1714 967 1793; baseline 0.001 -22"><span class='ocrx_word' id='word_1_142' title='bbox 123 1714 184 1772; x_wconf 90' lang='lat' dir='ltr'>luit.</span> <span class='ocrx_word' id='word_1_143' title='bbox 220 1715 332 1784; x_wconf 77' lang='lat' dir='ltr'>Quibus</span> <span class='ocrx_word' id='word_1_144' title='bbox 346 1715 547 1793; x_wconf 88' lang='lat' dir='ltr'>quaerentibus</span> <span class='ocrx_word' id='word_1_145' title='bbox 560 1735 612 1773; x_wconf 90' lang='lat' dir='ltr'>cur</span> <span class='ocrx_word' id='word_1_146' title='bbox 624 1735 683 1772; x_wconf 90' lang='lat' dir='ltr'>non</span> <span class='ocrx_word' id='word_1_147' title='bbox 698 1716 797 1773; x_wconf 87' lang='lat' dir='ltr'>eadem</span> <span class='ocrx_word' id='word_1_148' title='bbox 808 1716 855 1772; x_wconf 90' lang='lat' dir='ltr'>via</span> <span class='ocrx_word' id='word_1_149' title='bbox 867 1733 967 1791; x_wconf 83' lang='lat' dir='ltr'>perge-</span> 
     </span>
     <span class='ocr_line' id='line_1_22' title="bbox 122 1795 966 1872; baseline 0.002 -22"><span class='ocrx_word' id='word_1_150' title='bbox 122 1801 173 1865; x_wconf 88' lang='lat' dir='ltr'>ret,</span> <span class='ocrx_word' id='word_1_151' title='bbox 190 1796 324 1853; x_wconf 88' lang='lat' dir='ltr'>deterreri</span> <span class='ocrx_word' id='word_1_152' title='bbox 345 1816 375 1852; x_wconf 90' lang='lat' dir='ltr'>se</span> <span class='ocrx_word' id='word_1_153' title='bbox 396 1796 488 1854; x_wconf 88' lang='lat' dir='ltr'>adeo</span> <span class='ocrx_word' id='word_1_154' title='bbox 509 1796 591 1854; x_wconf 84' lang='lat' dir='ltr'>dlxit.</span> <span class='ocrx_word' id='word_1_155' title='bbox 633 1795 708 1853; x_wconf 88' lang='lat' dir='ltr'>Tum</span> <span class='ocrx_word' id='word_1_156' title='bbox 730 1795 848 1872; x_wconf 90' lang='lat' dir='ltr'>quidem</span> <span class='ocrx_word' id='word_1_157' title='bbox 869 1795 898 1866; x_wconf 94' lang='lat' dir='ltr'>ii,</span> <span class='ocrx_word' id='word_1_158' title='bbox 915 1795 966 1871; x_wconf 91' lang='lat' dir='ltr'>qui</span> 
     </span>
     <span class='ocr_line' id='line_1_23' title="bbox 123 1875 964 1953; baseline 0.002 -23"><span class='ocrx_word' id='word_1_159' title='bbox 123 1875 178 1930; x_wconf 88' lang='lat' dir='ltr'>alia</span> <span class='ocrx_word' id='word_1_160' title='bbox 195 1875 240 1932; x_wconf 89' lang='lat' dir='ltr'>via</span> <span class='ocrx_word' id='word_1_161' title='bbox 260 1876 403 1952; x_wconf 84' lang='lat' dir='ltr'>fugerant,</span> <span class='ocrx_word' id='word_1_162' title='bbox 416 1876 445 1932; x_wconf 91' lang='lat' dir='ltr'>in</span> <span class='ocrx_word' id='word_1_163' title='bbox 467 1876 595 1933; x_wconf 91' lang='lat' dir='ltr'>hostium</span> <span class='ocrx_word' id='word_1_164' title='bbox 616 1876 776 1953; x_wconf 89' lang='lat' dir='ltr'>equitatum</span> <span class='ocrx_word' id='word_1_165' title='bbox 793 1875 964 1932; x_wconf 87' lang='lat' dir='ltr'>inciderunt.</span> 
     </span>
     <span class='ocr_line' id='line_1_24' title="bbox 123 1953 967 2032; baseline 0.001 -22"><span class='ocrx_word' id='word_1_166' title='bbox 123 1953 271 2013; x_wconf 89' lang='lat' dir='ltr'>Permulta</span> <span class='ocrx_word' id='word_1_167' title='bbox 287 1955 405 2013; x_wconf 84' lang='lat' dir='ltr'>collecta</span> <span class='ocrx_word' id='word_1_168' title='bbox 424 1955 543 2013; x_wconf 88' lang='lat' dir='ltr'>suntab</span> <span class='ocrx_word' id='word_1_169' title='bbox 560 1955 725 2032; x_wconf 89' lang='lat' dir='ltr'>Antipatr0,</span> <span class='ocrx_word' id='word_1_170' title='bbox 738 1974 810 2032; x_wconf 87' lang='lat' dir='ltr'>quae</span> <span class='ocrx_word' id='word_1_171' title='bbox 830 1954 967 2011; x_wconf 88' lang='lat' dir='ltr'>mirabili·</span> 
     </span>
     <span class='ocr_line' id='line_1_25' title="bbox 123 2034 964 2112; baseline 0.001 -22"><span class='ocrx_word' id='word_1_172' title='bbox 123 2040 166 2090; x_wconf 93' lang='lat' dir='ltr'>ter</span> <span class='ocrx_word' id='word_1_173' title='bbox 187 2034 336 2092; x_wconf 86' lang='lat' dir='ltr'>aSocrate</span> <span class='ocrx_word' id='word_1_174' title='bbox 357 2035 485 2093; x_wconf 91' lang='lat' dir='ltr'>divinata</span> <span class='ocrx_word' id='word_1_175' title='bbox 505 2042 580 2093; x_wconf 88' lang='lat' dir='ltr'>sunt</span> <span class='ocrx_word' id='word_1_176' title='bbox 623 2034 702 2103; x_wconf 79' lang='lat' dir='ltr'>Quae</span> <span class='ocrx_word' id='word_1_177' title='bbox 719 2035 964 2112; x_wconf 86' lang='lat' dir='ltr'>praetermittam:</span> 
     </span>
     <span class='ocr_line' id='line_1_26' title="bbox 123 2113 966 2184; baseline 0 -14"><span class='ocrx_word' id='word_1_178' title='bbox 123 2113 177 2171; x_wconf 90' lang='lat' dir='ltr'>tibi</span> <span class='ocrx_word' id='word_1_179' title='bbox 194 2115 271 2171; x_wconf 91' lang='lat' dir='ltr'>enirn</span> <span class='ocrx_word' id='word_1_180' title='bbox 288 2122 358 2172; x_wconf 88' lang='lat' dir='ltr'>nota</span> <span class='ocrx_word' id='word_1_181' title='bbox 374 2122 449 2184; x_wconf 91' lang='lat' dir='ltr'>suut,</span> <span class='ocrx_word' id='word_1_182' title='bbox 461 2115 534 2173; x_wconf 91' lang='lat' dir='ltr'>mihi</span> <span class='ocrx_word' id='word_1_183' title='bbox 551 2116 588 2172; x_wconf 88' lang='lat' dir='ltr'>ad</span> <span class='ocrx_word' id='word_1_184' title='bbox 604 2115 888 2172; x_wconf 84' lang='lat' dir='ltr'>commemorandum</span> <span class='ocrx_word' id='word_1_185' title='bbox 906 2133 966 2171; x_wconf 92' lang='lat' dir='ltr'>non</span> 
     </span>
     <span class='ocr_line' id='line_1_27' title="bbox 123 2194 967 2271; baseline 0.001 -21"><span class='ocrx_word' id='word_1_186' title='bbox 123 2195 286 2252; x_wconf 86' lang='lat' dir='ltr'>necessaria</span> <span class='ocrx_word' id='word_1_187' title='bbox 331 2199 395 2252; x_wconf 79' lang='lat'>124.</span> <span class='ocrx_word' id='word_1_188' title='bbox 419 2195 495 2253; x_wconf 91' lang='lat' dir='ltr'>Illud</span> <span class='ocrx_word' id='word_1_189' title='bbox 511 2202 607 2252; x_wconf 87' lang='lat' dir='ltr'>tamen</span> <span class='ocrx_word' id='word_1_190' title='bbox 625 2194 686 2252; x_wconf 92' lang='lat' dir='ltr'>eius</span> <span class='ocrx_word' id='word_1_191' title='bbox 703 2194 870 2271; x_wconf 90' lang='lat' dir='ltr'>philosophi</span> <span class='ocrx_word' id='word_1_192' title='bbox 886 2213 967 2271; x_wconf 89' lang='lat' dir='ltr'>mag-</span> 
     </span>
     <span class='ocr_line' id='line_1_28' title="bbox 123 2273 967 2351; baseline 0.001 -22"><span class='ocrx_word' id='word_1_193' title='bbox 123 2273 240 2331; x_wconf 88' lang='lat' dir='ltr'>nificum</span> <span class='ocrx_word' id='word_1_194' title='bbox 255 2295 287 2332; x_wconf 89' lang='lat' dir='ltr'>ac</span> <span class='ocrx_word' id='word_1_195' title='bbox 302 2294 390 2350; x_wconf 86' lang='lat' dir='ltr'>paene</span> <span class='ocrx_word' id='word_1_196' title='bbox 407 2275 546 2345; x_wconf 87' lang='lat' dir='ltr'>divinum,</span> <span class='ocrx_word' id='word_1_197' title='bbox 559 2275 645 2351; x_wconf 84' lang='lat' dir='ltr'>quod,</span> <span class='ocrx_word' id='word_1_198' title='bbox 658 2294 723 2332; x_wconf 89' lang='lat' dir='ltr'>cum</span> <span class='ocrx_word' id='word_1_199' title='bbox 740 2275 838 2350; x_wconf 87' lang='lat' dir='ltr'>impiis</span> <span class='ocrx_word' id='word_1_200' title='bbox 854 2282 967 2332; x_wconf 89' lang='lat' dir='ltr'>senten-</span> 
     </span>
     <span class='ocr_line' id='line_1_29' title="bbox 123 2354 964 2431; baseline 0.004 -22"><span class='ocrx_word' id='word_1_201' title='bbox 123 2354 172 2410; x_wconf 90' lang='lat' dir='ltr'>tiis</span> <span class='ocrx_word' id='word_1_202' title='bbox 186 2355 337 2413; x_wconf 87' lang='lat' dir='ltr'>damnatus</span> <span class='ocrx_word' id='word_1_203' title='bbox 352 2362 432 2425; x_wconf 89' lang='lat' dir='ltr'>esset,</span> <span class='ocrx_word' id='word_1_204' title='bbox 443 2355 615 2431; x_wconf 87' lang='lat' dir='ltr'>aequissimo</span> <span class='ocrx_word' id='word_1_205' title='bbox 629 2355 726 2411; x_wconf 89' lang='lat' dir='ltr'>animo</span> <span class='ocrx_word' id='word_1_206' title='bbox 741 2373 770 2412; x_wconf 91' lang='lat' dir='ltr'>se</span> <span class='ocrx_word' id='word_1_207' title='bbox 785 2354 859 2412; x_wconf 87' lang='lat' dir='ltr'>dixit</span> <span class='ocrx_word' id='word_1_208' title='bbox 872 2355 964 2412; x_wconf 91' lang='lat' dir='ltr'>mori:</span> 
     </span>
     <span class='ocr_line' id='line_1_30' title="bbox 123 2434 964 2512; baseline -0.001 -21"><span class='ocrx_word' id='word_1_209' title='bbox 123 2436 307 2511; x_wconf 89' lang='lat' dir='ltr'>nequeenim</span> <span class='ocrx_word' id='word_1_210' title='bbox 322 2436 409 2493; x_wconf 92' lang='lat' dir='ltr'>domo</span> <span class='ocrx_word' id='word_1_211' title='bbox 424 2435 581 2512; x_wconf 82' lang='lat' dir='ltr'>egredienti</span> <span class='ocrx_word' id='word_1_212' title='bbox 596 2453 688 2512; x_wconf 88' lang='lat' dir='ltr'>neque</span> <span class='ocrx_word' id='word_1_213' title='bbox 702 2434 773 2492; x_wconf 92' lang='lat' dir='ltr'>illud</span> <span class='ocrx_word' id='word_1_214' title='bbox 787 2441 964 2511; x_wconf 87' lang='lat' dir='ltr'>suggestum,</span> 
     </span>
     <span class='ocr_line' id='line_1_31' title="bbox 123 2513 965 2592; baseline 0.001 -23"><span class='ocrx_word' id='word_1_215' title='bbox 123 2514 153 2570; x_wconf 91' lang='lat' dir='ltr'>in</span> <span class='ocrx_word' id='word_1_216' title='bbox 169 2533 226 2590; x_wconf 91' lang='lat' dir='ltr'>quo</span> <span class='ocrx_word' id='word_1_217' title='bbox 240 2535 353 2572; x_wconf 90' lang='lat' dir='ltr'>causam</span> <span class='ocrx_word' id='word_1_218' title='bbox 370 2515 488 2586; x_wconf 87' lang='lat' dir='ltr'>dixerat,</span> <span class='ocrx_word' id='word_1_219' title='bbox 498 2515 661 2572; x_wconf 85' lang='lat' dir='ltr'>ascendenti</span> <span class='ocrx_word' id='word_1_220' title='bbox 676 2515 791 2592; x_wconf 88' lang='lat' dir='ltr'>signum</span> <span class='ocrx_word' id='word_1_221' title='bbox 806 2513 860 2571; x_wconf 89' lang='lat' dir='ltr'>sibi</span> <span class='ocrx_word' id='word_1_222' title='bbox 875 2514 965 2571; x_wconf 90' lang='lat' dir='ltr'>ullum</span> 
     </span>
     <span class='ocr_line' id='line_1_32' title="bbox 124 2594 966 2671; baseline 0.001 -21"><span class='ocrx_word' id='word_1_223' title='bbox 124 2594 202 2669; x_wconf 92' lang='lat' dir='ltr'>quod</span> <span class='ocrx_word' id='word_1_224' title='bbox 216 2602 379 2653; x_wconf 88' lang='lat' dir='ltr'>consuesset</span> <span class='ocrx_word' id='word_1_225' title='bbox 393 2597 477 2653; x_wconf 92' lang='lat' dir='ltr'>adeo</span> <span class='ocrx_word' id='word_1_226' title='bbox 493 2595 574 2671; x_wconf 85' lang='lat' dir='ltr'>quasi</span> <span class='ocrx_word' id='word_1_227' title='bbox 587 2595 655 2652; x_wconf 86' lang='lat' dir='ltr'>mali</span> <span class='ocrx_word' id='word_1_228' title='bbox 666 2594 785 2652; x_wconf 90' lang='lat' dir='ltr'>alicuius</span> <span class='ocrx_word' id='word_1_229' title='bbox 799 2594 966 2671; x_wconf 90' lang='lat' dir='ltr'>impenden-</span> 
     </span>
     <span class='ocr_line' id='line_1_33' title="bbox 123 2673 283 2731; baseline 0.013 -2"><span class='ocrx_word' id='word_1_230' title='bbox 123 2674 161 2729; x_wconf 90' lang='lat' dir='ltr'>tis</span> <span class='ocrx_word' id='word_1_231' title='bbox 175 2673 283 2731; x_wconf 88' lang='lat' dir='ltr'>datum.</span> 
     </span>
    </p>

    <p class='ocr_par' dir='ltr' id='par_1_3' title="bbox 125 2751 965 3227">
     <span class='ocr_line' id='line_1_34' title="bbox 164 2751 965 2828; baseline 0.002 -20"><span class='ocrx_word' id='word_1_232' title='bbox 164 2751 225 2809; x_wconf 89' lang='lat' dir='ltr'>LV.</span> <span class='ocrx_word' id='word_1_233' title='bbox 244 2753 387 2828; x_wconf 87' lang='lat' dir='ltr'>Equidem</span> <span class='ocrx_word' id='word_1_234' title='bbox 408 2753 447 2810; x_wconf 90' lang='lat' dir='ltr'>sic</span> <span class='ocrx_word' id='word_1_235' title='bbox 468 2753 598 2824; x_wconf 89' lang='lat' dir='ltr'>arbitror,</span> <span class='ocrx_word' id='word_1_236' title='bbox 610 2754 697 2811; x_wconf 90' lang='lat' dir='ltr'>etiam</span> <span class='ocrx_word' id='word_1_237' title='bbox 714 2754 739 2811; x_wconf 89' lang='lat' dir='ltr'>si</span> <span class='ocrx_word' id='word_1_238' title='bbox 755 2753 847 2811; x_wconf 91' lang='lat' dir='ltr'>multa</span> <span class='ocrx_word' id='word_1_239' title='bbox 863 2753 965 2810; x_wconf 86' lang='lat' dir='ltr'>fallant</span> 
     </span>
     <span class='ocr_line' id='line_1_35' title="bbox 125 2831 963 2906; baseline 0.005 -20"><span class='ocrx_word' id='word_1_240' title='bbox 125 2849 181 2901; x_wconf 89' lang='lat' dir='ltr'>eos,</span> <span class='ocrx_word' id='word_1_241' title='bbox 195 2831 244 2906; x_wconf 93' lang='lat' dir='ltr'>qui</span> <span class='ocrx_word' id='word_1_242' title='bbox 261 2839 311 2888; x_wconf 88' lang='lat' dir='ltr'>aut</span> <span class='ocrx_word' id='word_1_243' title='bbox 331 2841 390 2888; x_wconf 89' lang='lat' dir='ltr'>arte</span> <span class='ocrx_word' id='word_1_244' title='bbox 411 2839 461 2888; x_wconf 91' lang='lat' dir='ltr'>aut</span> <span class='ocrx_word' id='word_1_245' title='bbox 477 2834 641 2890; x_wconf 88' lang='lat' dir='ltr'>coniectura</span> <span class='ocrx_word' id='word_1_246' title='bbox 660 2834 787 2891; x_wconf 89' lang='lat' dir='ltr'>divinare</span> <span class='ocrx_word' id='word_1_247' title='bbox 804 2834 963 2904; x_wconf 87' lang='lat' dir='ltr'>videantur,</span> 
     </span>
     <span class='ocr_line' id='line_1_36' title="bbox 125 2910 964 2971; baseline 0.008 -7"><span class='ocrx_word' id='word_1_248' title='bbox 125 2927 185 2965; x_wconf 90' lang='lat' dir='ltr'>esse</span> <span class='ocrx_word' id='word_1_249' title='bbox 196 2917 292 2965; x_wconf 91' lang='lat' dir='ltr'>tamen</span> <span class='ocrx_word' id='word_1_250' title='bbox 307 2910 529 2968; x_wconf 86' lang='lat' dir='ltr'>divinationem:</span> <span class='ocrx_word' id='word_1_251' title='bbox 548 2912 679 2970; x_wconf 89' lang='lat' dir='ltr'>homines</span> <span class='ocrx_word' id='word_1_252' title='bbox 693 2921 789 2970; x_wconf 83' lang='lat' dir='ltr'>autem</span> <span class='ocrx_word' id='word_1_253' title='bbox 803 2920 837 2970; x_wconf 89' lang='lat' dir='ltr'>ut</span> <span class='ocrx_word' id='word_1_254' title='bbox 848 2914 878 2970; x_wconf 90' lang='lat' dir='ltr'>in</span> <span class='ocrx_word' id='word_1_255' title='bbox 893 2920 964 2971; x_wconf 88' lang='lat' dir='ltr'>cete-</span> 
     </span>
     <span class='ocr_line' id='line_1_37' title="bbox 125 2987 964 3066; baseline 0.011 -24"><span class='ocrx_word' id='word_1_256' title='bbox 125 2988 164 3042; x_wconf 89' lang='lat' dir='ltr'>ris</span> <span class='ocrx_word' id='word_1_257' title='bbox 177 2987 294 3057; x_wconf 84' lang='lat' dir='ltr'>artibns,</span> <span class='ocrx_word' id='word_1_258' title='bbox 307 2989 347 3046; x_wconf 90' lang='lat' dir='ltr'>sic</span> <span class='ocrx_word' id='word_1_259' title='bbox 360 2989 390 3045; x_wconf 91' lang='lat' dir='ltr'>in</span> <span class='ocrx_word' id='word_1_260' title='bbox 404 2989 458 3047; x_wconf 89' lang='lat' dir='ltr'>hac</span> <span class='ocrx_word' id='word_1_261' title='bbox 472 3009 555 3066; x_wconf 89' lang='lat' dir='ltr'>posse</span> <span class='ocrx_word' id='word_1_262' title='bbox 569 2992 638 3049; x_wconf 82' lang='lat' dir='ltr'>falli.</span> <span class='ocrx_word' id='word_1_263' title='bbox 675 2992 778 3050; x_wconf 90' lang='lat' dir='ltr'>Potest</span> <span class='ocrx_word' id='word_1_264' title='bbox 791 2993 919 3051; x_wconf 89' lang='lat' dir='ltr'>accidere</span> <span class='ocrx_word' id='word_1_265' title='bbox 933 3001 964 3050; x_wconf 93' lang='lat' dir='ltr'>ut</span> 
     </span>
     <span class='ocr_line' id='line_1_38' title="bbox 125 3065 964 3149; baseline 0.012 -28"><span class='ocrx_word' id='word_1_266' title='bbox 125 3065 242 3141; x_wconf 89' lang='lat' dir='ltr'>aliquod</span> <span class='ocrx_word' id='word_1_267' title='bbox 256 3067 370 3142; x_wconf 86' lang='lat' dir='ltr'>signum</span> <span class='ocrx_word' id='word_1_268' title='bbox 385 3069 471 3126; x_wconf 89' lang='lat' dir='ltr'>dubie</span> <span class='ocrx_word' id='word_1_269' title='bbox 485 3070 585 3127; x_wconf 88' lang='lat' dir='ltr'>datum</span> <span class='ocrx_word' id='word_1_270' title='bbox 597 3090 649 3147; x_wconf 92' lang='lat' dir='ltr'>pro</span> <span class='ocrx_word' id='word_1_271' title='bbox 664 3079 741 3129; x_wconf 90' lang='lat' dir='ltr'>certo</span> <span class='ocrx_word' id='word_1_272' title='bbox 757 3073 794 3130; x_wconf 89' lang='lat' dir='ltr'>sit</span> <span class='ocrx_word' id='word_1_273' title='bbox 805 3081 964 3149; x_wconf 86' lang='lat' dir='ltr'>acceptum,</span> 
     </span>
     <span class='ocr_line' id='line_1_39' title="bbox 125 3145 964 3227; baseline 0.013 -28"><span class='ocrx_word' id='word_1_274' title='bbox 125 3150 222 3218; x_wconf 86' lang='lat' dir='ltr'>potest</span> <span class='ocrx_word' id='word_1_275' title='bbox 235 3145 351 3220; x_wconf 87' lang='lat' dir='ltr'>aliquod</span> <span class='ocrx_word' id='word_1_276' title='bbox 365 3147 479 3205; x_wconf 87' lang='lat' dir='ltr'>latuisse</span> <span class='ocrx_word' id='word_1_277' title='bbox 496 3156 546 3205; x_wconf 92' lang='lat' dir='ltr'>aut</span> <span class='ocrx_word' id='word_1_278' title='bbox 560 3150 653 3224; x_wconf 89' lang='lat' dir='ltr'>ipsum</span> <span class='ocrx_word' id='word_1_279' title='bbox 671 3159 721 3208; x_wconf 91' lang='lat' dir='ltr'>aut</span> <span class='ocrx_word' id='word_1_280' title='bbox 742 3153 821 3227; x_wconf 91' lang='lat' dir='ltr'>quod</span> <span class='ocrx_word' id='word_1_281' title='bbox 835 3158 910 3210; x_wconf 88' lang='lat' dir='ltr'>esset</span> <span class='ocrx_word' id='word_1_282' title='bbox 924 3152 964 3211; x_wconf 90' lang='lat' dir='ltr'>illi</span> 
     </span>
    </p>
   </div>
   <div class='ocr_carea' id='block_1_3' title="bbox 0 0 1118 3446">
    <p class='ocr_par' dir='ltr' id='par_1_4' title="bbox 0 0 1118 3446">
     <span class='ocr_line' id='line_1_40' title="bbox 0 0 1118 3446; baseline 0 0"><span class='ocrx_word' id='word_1_283' title='bbox 0 0 1118 3446; x_wconf 95' lang='lat' dir='ltr'> </span> 
     </span>
    </p>
   </div>
  </div>
 </body>
</html>
