2220 3432
234 111 901 176 nra.11.‚oA1>.xxxw.-xxxv11.,§ss-ea
960 119 993 167 re

146 233 213 271 mus
224 221 356 290 aspectus
367 214 468 272 mnndi
479 215 705 288 conturbaverat,
715 224 823 294 postea,
832 237 897 275 cum
909 218 994 275 vidis·

146 301 212 352 sent
226 301 324 352 motus
341 295 403 352 cius
417 293 514 352 finitos
531 303 561 353 et
574 295 737 373 aequabiles
754 298 907 374 omniaque
924 299 993 355 ratis

146 374 298 432 ordinibus
312 375 461 432 moderata
471 375 702 454 immutabilique
713 378 875 434 constantia
884 377 993 436 intelle·

145 473 214 530 gere
231 455 324 513 inesse
344 455 470 532 aliquem
491 475 550 512 uon
572 456 665 514 solum
682 455 874 515 habitatorem
891 457 922 514 in
939 457 992 515 hac

146 534 262 592 caelesti
279 554 312 592 ac
330 535 427 592 diviua
443 535 540 606 domo,
556 536 607 594 sed
624 537 711 593 etiam
730 543 870 594 rectorem
887 544 916 594 et
932 557 993 594 mo

146 614 310 672 deratorem
324 623 353 672 et
367 622 516 692 tamquam
531 615 720 674 architectum
735 617 809 674 tanti
824 617 918 693 operis
931 624 993 674 tau-

145 694 228 770 tique
248 696 382 753 muueris.
425 695 570 755 XXXVI.
589 696 674 754 Nunc
692 703 787 754 autem
805 697 879 753 mihi
895 697 993 754 viden·

145 781 194 831 tur
208 793 244 832 ne
258 775 395 852 suspicari
410 776 528 853 quidem
544 782 651 853 quanta
665 776 702 834 sit
712 775 918 835 admirabilitas
932 796 992 834 cae-

145 853 262 912 lestinm
276 874 371 912 rerum
385 863 471 933 atque
485 857 670 914 terrestrium.

187 940 233 992 91.
250 935 398 1013 Principio
413 937 490 994 enim
504 943 580 994 terra
593 937 649 994 sita
661 937 693 993 in
706 935 803 994 media
816 943 897 1013 parte
910 955 992 994 mun·

145 1013 177 1072 di
186 1014 360 1072 circumfusa
369 1016 497 1093 undique
508 1024 552 1074 est
560 1016 613 1074 hac
624 1017 740 1074 animali
750 1017 933 1094 spirabilique
944 1037 992 1074 na·

144 1100 218 1164 tura,
234 1095 280 1152 cui
297 1114 403 1154 nomen
421 1106 465 1154 est
482 1100 539 1169 adr,
552 1096 693 1155 Graecum
710 1097 782 1154 illud
800 1097 925 1174 quidem,
941 1098 991 1155 sed

144 1182 314 1252 perceptum
324 1176 382 1233 iam
393 1183 492 1234 tamen
505 1196 559 1234 usu
573 1197 590 1234 a
603 1177 725 1236 uostris:
742 1178 845 1235 tritum
860 1183 903 1234 est
913 1177 990 1234 enim

144 1273 198 1330 pro
213 1255 326 1313 Latino.
365 1256 452 1314 Hunc
467 1276 563 1314 mrsns
579 1258 762 1335 amplectitur
776 1257 933 1314 immensus
947 1277 991 1314 ae-

144 1333 218 1406 ther,
235 1336 284 1410 qui
305 1342 470 1394 constater
490 1337 636 1394 altissimis
656 1337 779 1414 ignibus,
823 1337 990 1394 Mutuemur

144 1413 201 1471 hoc
219 1434 333 1493 quoqne
347 1416 466 1473 verbnm
483 1417 651 1494 dicaturque
668 1429 728 1475 tam
747 1417 764 1445 “
774 1417 872 1475 aether
880 1416 897 1443 ''
915 1417 991 1474 Lati-

145 1514 190 1566 ne,
205 1515 290 1572 quam
307 1496 413 1554 dicitur
427 1503 483 1569 aer,
496 1498 550 1556 etsi
564 1498 767 1575 interpretatur
780 1497 939 1554 Pacuvius:

159 1640 225 1702 Hoc,
235 1640 303 1704 quod
316 1655 435 1704 memore,
446 1642 524 1690 nostri
537 1641 641 1704 caelum,
651 1641 712 1692 Grai
725 1641 854 1704 perhibent
866 1640 977 1703 aethera,

146 1777 308 1854 quasivero
325 1795 384 1833 uon
402 1776 505 1834 Graius
522 1776 577 1834 hoc
595 1777 680 1835 dicat.
722 1776 765 1835 At
782 1777 883 1836 Latine
900 1777 990 1855 loqui·

145 1862 200 1914 tur.
244 1855 275 1913 si
297 1857 414 1934 quidem
435 1877 488 1914 nos
508 1877 569 1914 non
590 1857 671 1936 quasi
692 1857 800 1916 Graece
821 1858 990 1937 loquentem

145 1936 303 1994 audiamus.
346 1937 441 1995 Docet
455 1937 532 1995 idem
547 1937 603 1996 alio
617 1937 699 1996 loco:

277 2074 434 2136 Graiugeua:
455 2075 486 2124 de
499 2075 562 2124 istoc
575 2075 655 2138 aperit
668 2077 722 2138 ipsa
735 2077 823 2126 oratic.

144 2217 191 2270 92.
211 2211 268 2269 Sed
283 2211 319 2268 ad
335 2212 444 2270 maiora
457 2213 614 2271 redeamus.
657 2213 701 2270 Ex
716 2213 830 2272 aethere
843 2214 933 2292 igitur
947 2215 989 2272 in-

142 2291 334 2350 numerabiles
350 2291 483 2350 fiammae
500 2293 625 2351 siderum
643 2293 791 2366 exsistunt,
805 2313 926 2371 quorum
945 2303 988 2352 est

142 2372 277 2449 princeps
291 2372 333 2430 sol
348 2373 446 2430 omnia
460 2372 615 2430 clarissima
625 2373 688 2431 luce
702 2373 877 2444 collustrans
889 2375 988 2432 multis

142 2452 273 2529 partibus
288 2453 381 2510 maior
397 2460 483 2530 atque
503 2453 626 2529 amplior
642 2473 729 2530 quam
745 2461 820 2510 terra
841 2455 986 2512 universa:

142 2531 248 2589 deinde
262 2532 371 2609 reliqua
385 2532 477 2590 sidera
488 2533 736 2609 magnitudinibus
746 2533 901 2590 immensis
933 2534 987 2591 At-

143 2631 199 2689 qne
213 2611 245 2668 hi
258 2613 333 2670 tanti
347 2613 430 2689 ignes
444 2621 561 2690 tamque
575 2612 660 2670 multi
674 2632 733 2670 non
746 2612 835 2670 modo
849 2612 922 2670 nihil
937 2632 987 2670 no·

65 2725 69 2732 ·
142 2697 210 2749 cent
222 2692 306 2750 terris
322 2692 463 2770 rebusque
480 2693 669 2764 terrestribus
683 2692 733 2750 sed
747 2693 788 2749 ita
801 2700 931 2769 prosunt,
944 2701 984 2764 ut,

142 2772 167 2828 si
178 2779 259 2829 mota
269 2772 333 2830 loco
348 2773 413 2844 sint,
424 2773 598 2850 conflagrare
612 2779 701 2830 terras
715 2791 828 2830 necesse
843 2773 881 2829 sit
895 2790 912 2829 a
925 2780 987 2831 tan·

142 2851 181 2908 tis
195 2851 344 2910 ardoribus
357 2853 555 2910 moderatione
570 2860 599 2910 et
612 2853 819 2928 temperatione
835 2851 952 2909 sublata.

183 2931 344 2991 XXXVII.
374 2939 420 2991 93.
433 2933 491 2990 Hic
502 2953 556 3010 ego
567 2951 626 2989 non
638 2933 724 2990 mirer
737 2951 797 2990 esse
812 2951 985 3009 quemquam

143 3011 194 3088 qui
205 3011 260 3068 sibi
270 3013 440 3089 persuadeat
453 3031 573 3089 corpora
587 3013 727 3088 quaedam
742 3011 833 3068 solida
847 3019 932 3089 atque
943 3013 985 3068 in-

142 3091 263 3149 dividua
275 3092 304 3149 vi
318 3099 348 3150 et
361 3093 500 3168 gravitate
515 3092 583 3149 ferri
600 3091 798 3168 mundumque
815 3090 888 3149 effici
905 3111 985 3149 orua-

142 3171 288 3230 tissimum
305 3179 335 3230 et
347 3172 570 3249 pulcherrimum
584 3189 620 3228 ex
634 3190 733 3228 eornm
750 3191 900 3248 corporum
920 3191 986 3230 eon·
