<?xml version="1.0" encoding="UTF-8"?>
<!DOCTYPE html PUBLIC "-//W3C//DTD XHTML 1.0 Transitional//EN"
    "http://www.w3.org/TR/xhtml1/DTD/xhtml1-transitional.dtd">
<html xmlns="http://www.w3.org/1999/xhtml" xml:lang="en" lang="en">
 <head>
  <title>
</title>
<meta http-equiv="Content-Type" content="text/html;charset=utf-8" />
  <meta name='ocr-system' content='tesseract 3.04.00' />
  <meta name='ocr-capabilities' content='ocr_page ocr_carea ocr_par ocr_line ocrx_word'/>
</head>
<body>
  <div class='ocr_page' id='page_1' title='image "./mtulliiciceroni106cicegoog/mtulliiciceroni106cicegoog_0088.png"; bbox 0 0 2220 3432; ppageno 0'>
   <div class='ocr_carea' id='block_1_1' title="bbox 243 119 988 184">
    <p class='ocr_par' dir='ltr' id='par_1_1' title="bbox 243 119 988 184">
     <span class='ocr_line' id='line_1_1' title="bbox 243 119 988 184; baseline 0.009 -16"><span class='ocrx_word' id='word_1_1' title='bbox 243 121 312 169; x_wconf 77' lang='lat' dir='ltr'><strong>nur.</strong></span> <span class='ocrx_word' id='word_1_2' title='bbox 330 119 781 184; x_wconf 78' lang='lat' dir='ltr'><strong>11.,cxr.xxxu.-xxx1v.,ยง</strong></span> <span class='ocrx_word' id='word_1_3' title='bbox 799 126 886 173; x_wconf 82' lang='lat' dir='ltr'><strong>aa-es.</strong></span> <span class='ocrx_word' id='word_1_4' title='bbox 956 127 988 175; x_wconf 80' lang='lat' dir='ltr'><strong>rr</strong></span> 
     </span>
    </p>
   </div>
   <div class='ocr_carea' id='block_1_2' title="bbox 143 221 990 3176">
    <p class='ocr_par' dir='ltr' id='par_1_2' title="bbox 143 221 989 779">
     <span class='ocr_line' id='line_1_2' title="bbox 144 221 989 301; baseline 0.005 -23"><span class='ocrx_word' id='word_1_5' title='bbox 144 222 206 299; x_wconf 84' lang='lat' dir='ltr'><strong>regi</strong></span> <span class='ocrx_word' id='word_1_6' title='bbox 218 221 413 279; x_wconf 89' lang='lat' dir='ltr'><strong>confitendum</strong></span> <span class='ocrx_word' id='word_1_7' title='bbox 427 229 478 280; x_wconf 92' lang='lat' dir='ltr'><strong>est.</strong></span> <span class='ocrx_word' id='word_1_8' title='bbox 518 225 564 280; x_wconf 80' lang='grc'><strong>86.</strong></span> <span class='ocrx_word' id='word_1_9' title='bbox 580 222 696 280; x_wconf 79' lang='lat' dir='ltr'><strong>Etenim</strong></span> <span class='ocrx_word' id='word_1_10' title='bbox 711 225 760 301; x_wconf 94' lang='lat' dir='ltr'><strong>qui</strong></span> <span class='ocrx_word' id='word_1_11' title='bbox 771 223 894 301; x_wconf 89' lang='lat' dir='ltr'><strong>reliquas</strong></span> <span class='ocrx_word' id='word_1_12' title='bbox 907 232 989 282; x_wconf 88' lang='lat' dir='ltr'><strong>natu-</strong></span> 
     </span>
     <span class='ocr_line' id='line_1_3' title="bbox 144 303 988 381; baseline 0.005 -23"><span class='ocrx_word' id='word_1_13' title='bbox 144 321 191 358; x_wconf 87' lang='lat' dir='ltr'><strong>ras</strong></span> <span class='ocrx_word' id='word_1_14' title='bbox 205 320 305 359; x_wconf 90' lang='lat' dir='ltr'><strong>omues</strong></span> <span class='ocrx_word' id='word_1_15' title='bbox 319 321 472 379; x_wconf 90' lang='lat' dir='ltr'><strong>carumque</strong></span> <span class='ocrx_word' id='word_1_16' title='bbox 483 303 592 360; x_wconf 90' lang='lat' dir='ltr'><strong>semina</strong></span> <span class='ocrx_word' id='word_1_17' title='bbox 602 304 749 361; x_wconf 88' lang='lat' dir='ltr'><strong>contineat</strong></span> <span class='ocrx_word' id='word_1_18' title='bbox 760 305 809 380; x_wconf 88' lang='lat' dir='ltr'><strong>qui</strong></span> <span class='ocrx_word' id='word_1_19' title='bbox 820 311 916 380; x_wconf 91' lang='lat' dir='ltr'><strong>potest</strong></span> <span class='ocrx_word' id='word_1_20' title='bbox 926 306 988 381; x_wconf 90' lang='lat' dir='ltr'><strong>ipse</strong></span> 
     </span>
     <span class='ocr_line' id='line_1_4' title="bbox 144 382 989 460; baseline 0.005 -22"><span class='ocrx_word' id='word_1_21' title='bbox 144 401 205 438; x_wconf 88' lang='lat' dir='ltr'><strong>non</strong></span> <span class='ocrx_word' id='word_1_22' title='bbox 221 388 323 438; x_wconf 90' lang='lat' dir='ltr'><strong>natura</strong></span> <span class='ocrx_word' id='word_1_23' title='bbox 339 382 551 440; x_wconf 71' lang='lat' dir='ltr'><strong>administrarit</strong></span> <span class='ocrx_word' id='word_1_24' title='bbox 571 389 612 454; x_wconf 94' lang='lat' dir='ltr'><strong>ut,</strong></span> <span class='ocrx_word' id='word_1_25' title='bbox 625 383 648 440; x_wconf 85' lang='lat' dir='ltr'><strong>si</strong></span> <span class='ocrx_word' id='word_1_26' title='bbox 664 384 713 460; x_wconf 92' lang='lat' dir='ltr'><strong>qui</strong></span> <span class='ocrx_word' id='word_1_27' title='bbox 728 383 828 440; x_wconf 90' lang='lat' dir='ltr'><strong>dentes</strong></span> <span class='ocrx_word' id='word_1_28' title='bbox 844 392 874 441; x_wconf 88' lang='lat' dir='ltr'><strong>et</strong></span> <span class='ocrx_word' id='word_1_29' title='bbox 888 385 989 460; x_wconf 91' lang='lat' dir='ltr'><strong>puber-</strong></span> 
     </span>
     <span class='ocr_line' id='line_1_5' title="bbox 144 461 987 540; baseline 0.002 -22"><span class='ocrx_word' id='word_1_30' title='bbox 144 468 235 519; x_wconf 81' lang='lat' dir='ltr'><strong>tatem</strong></span> <span class='ocrx_word' id='word_1_31' title='bbox 248 468 351 518; x_wconf 86' lang='lat' dir='ltr'><strong>natura</strong></span> <span class='ocrx_word' id='word_1_32' title='bbox 365 461 442 519; x_wconf 89' lang='lat' dir='ltr'><strong>dicat</strong></span> <span class='ocrx_word' id='word_1_33' title='bbox 455 463 597 534; x_wconf 81' lang='lat' dir='ltr'><strong>exsistere,</strong></span> <span class='ocrx_word' id='word_1_34' title='bbox 609 462 705 540; x_wconf 87' lang='lat' dir='ltr'><strong>ipsum</strong></span> <span class='ocrx_word' id='word_1_35' title='bbox 720 471 816 521; x_wconf 91' lang='lat' dir='ltr'><strong>autem</strong></span> <span class='ocrx_word' id='word_1_36' title='bbox 830 463 987 536; x_wconf 88' lang='lat' dir='ltr'><strong>hominem,</strong></span> 
     </span>
     <span class='ocr_line' id='line_1_6' title="bbox 144 541 989 621; baseline 0.002 -22"><span class='ocrx_word' id='word_1_37' title='bbox 144 541 191 599; x_wconf 90' lang='lat' dir='ltr'><strong>cni</strong></span> <span class='ocrx_word' id='word_1_38' title='bbox 209 561 242 598; x_wconf 89' lang='lat' dir='ltr'><strong>ca</strong></span> <span class='ocrx_word' id='word_1_39' title='bbox 259 543 404 613; x_wconf 83' lang='lat' dir='ltr'><strong>exsistant,</strong></span> <span class='ocrx_word' id='word_1_40' title='bbox 420 561 480 599; x_wconf 90' lang='lat' dir='ltr'><strong>non</strong></span> <span class='ocrx_word' id='word_1_41' title='bbox 497 549 626 600; x_wconf 83' lang='lat' dir='ltr'><strong>constare</strong></span> <span class='ocrx_word' id='word_1_42' title='bbox 643 550 752 608; x_wconf 79' lang='lat' dir='ltr'><strong>natura,</strong></span> <span class='ocrx_word' id='word_1_43' title='bbox 764 562 823 600; x_wconf 88' lang='lat' dir='ltr'><strong>non</strong></span> <span class='ocrx_word' id='word_1_44' title='bbox 840 544 989 621; x_wconf 81' lang='lat' dir='ltr'><strong>intellegat</strong></span> 
     </span>
     <span class='ocr_line' id='line_1_7' title="bbox 143 622 988 700; baseline 0.004 -22"><span class='ocrx_word' id='word_1_45' title='bbox 143 641 186 690; x_wconf 89' lang='lat' dir='ltr'><strong>ea,</strong></span> <span class='ocrx_word' id='word_1_46' title='bbox 199 641 272 698; x_wconf 88' lang='lat' dir='ltr'><strong>quae</strong></span> <span class='ocrx_word' id='word_1_47' title='bbox 288 622 409 680; x_wconf 83' lang='lat' dir='ltr'><strong>efferant</strong></span> <span class='ocrx_word' id='word_1_48' title='bbox 425 622 534 700; x_wconf 91' lang='lat' dir='ltr'><strong>aliquid</strong></span> <span class='ocrx_word' id='word_1_49' title='bbox 550 641 585 680; x_wconf 91' lang='lat' dir='ltr'><strong>ex</strong></span> <span class='ocrx_word' id='word_1_50' title='bbox 602 642 670 694; x_wconf 88' lang='lat' dir='ltr'><strong>sese,</strong></span> <span class='ocrx_word' id='word_1_51' title='bbox 683 624 868 699; x_wconf 81' lang='lat' dir='ltr'><strong>perfectiores</strong></span> <span class='ocrx_word' id='word_1_52' title='bbox 884 623 988 681; x_wconf 86' lang='lat' dir='ltr'><strong>habere</strong></span> 
     </span>
     <span class='ocr_line' id='line_1_8' title="bbox 144 703 772 779; baseline 0.005 -22"><span class='ocrx_word' id='word_1_53' title='bbox 144 711 261 758; x_wconf 86' lang='lat' dir='ltr'><strong>naturas</strong></span> <span class='ocrx_word' id='word_1_54' title='bbox 276 720 361 778; x_wconf 89' lang='lat' dir='ltr'><strong>quarn</strong></span> <span class='ocrx_word' id='word_1_55' title='bbox 375 721 416 773; x_wconf 91' lang='lat' dir='ltr'><strong>ea,</strong></span> <span class='ocrx_word' id='word_1_56' title='bbox 430 721 501 779; x_wconf 89' lang='lat' dir='ltr'><strong>quae</strong></span> <span class='ocrx_word' id='word_1_57' title='bbox 516 722 550 760; x_wconf 92' lang='lat' dir='ltr'><strong>ex</strong></span> <span class='ocrx_word' id='word_1_58' title='bbox 564 703 599 759; x_wconf 92' lang='lat' dir='ltr'><strong>iis</strong></span> <span class='ocrx_word' id='word_1_59' title='bbox 611 703 772 761; x_wconf 83' lang='lat' dir='ltr'><strong>efferantur.</strong></span> 
     </span>
    </p>

    <p class='ocr_par' dir='ltr' id='par_1_3' title="bbox 144 777 990 3176">
     <span class='ocr_line' id='line_1_9' title="bbox 186 777 988 861; baseline 0.005 -24"><span class='ocrx_word' id='word_1_60' title='bbox 186 781 331 840; x_wconf 70' lang='lat' dir='ltr'>XXXIV.</span> <span class='ocrx_word' id='word_1_61' title='bbox 350 781 486 841; x_wconf 89' lang='lat' dir='ltr'><strong>Omnium</strong></span> <span class='ocrx_word' id='word_1_62' title='bbox 505 790 600 840; x_wconf 87' lang='lat' dir='ltr'><strong>autem</strong></span> <span class='ocrx_word' id='word_1_63' title='bbox 618 777 807 861; x_wconf 74' lang='lat' dir='ltr'><strong>rerumquae</strong></span> <span class='ocrx_word' id='word_1_64' title='bbox 823 789 925 841; x_wconf 88' lang='lat' dir='ltr'><strong>natura</strong></span> <span class='ocrx_word' id='word_1_65' title='bbox 940 783 988 841; x_wconf 89' lang='lat' dir='ltr'><strong>ad-</strong></span> 
     </span>
     <span class='ocr_line' id='line_1_10' title="bbox 144 861 988 940; baseline 0.005 -22"><span class='ocrx_word' id='word_1_66' title='bbox 144 861 352 933; x_wconf 84' lang='lat' dir='ltr'><strong>ministrantur,</strong></span> <span class='ocrx_word' id='word_1_67' title='bbox 364 862 519 920; x_wconf 89' lang='lat' dir='ltr'><strong>seminator</strong></span> <span class='ocrx_word' id='word_1_68' title='bbox 535 870 565 919; x_wconf 90' lang='lat' dir='ltr'><strong>et</strong></span> <span class='ocrx_word' id='word_1_69' title='bbox 582 868 659 919; x_wconf 90' lang='lat' dir='ltr'><strong>sator</strong></span> <span class='ocrx_word' id='word_1_70' title='bbox 675 871 704 920; x_wconf 89' lang='lat' dir='ltr'><strong>et</strong></span> <span class='ocrx_word' id='word_1_71' title='bbox 720 883 830 940; x_wconf 78' lang='lat' dir='ltr'><strong>perena,</strong></span> <span class='ocrx_word' id='word_1_72' title='bbox 843 871 876 921; x_wconf 92' lang='lat' dir='ltr'><strong>ut</strong></span> <span class='ocrx_word' id='word_1_73' title='bbox 890 865 931 921; x_wconf 86' lang='lat' dir='ltr'><strong>ita</strong></span> <span class='ocrx_word' id='word_1_74' title='bbox 947 865 988 922; x_wconf 92' lang='lat' dir='ltr'><strong>di-</strong></span> 
     </span>
     <span class='ocr_line' id='line_1_11' title="bbox 145 943 988 1022; baseline 0.004 -24"><span class='ocrx_word' id='word_1_75' title='bbox 145 961 217 1012; x_wconf 87' lang='lat' dir='ltr'><strong>cam,</strong></span> <span class='ocrx_word' id='word_1_76' title='bbox 233 948 319 1018; x_wconf 87' lang='lat' dir='ltr'><strong>atque</strong></span> <span class='ocrx_word' id='word_1_77' title='bbox 340 943 476 999; x_wconf 90' lang='lat' dir='ltr'><strong>educator</strong></span> <span class='ocrx_word' id='word_1_78' title='bbox 492 949 522 1000; x_wconf 90' lang='lat' dir='ltr'><strong>et</strong></span> <span class='ocrx_word' id='word_1_79' title='bbox 538 943 611 1000; x_wconf 92' lang='lat' dir='ltr'><strong>altor</strong></span> <span class='ocrx_word' id='word_1_80' title='bbox 627 949 671 1000; x_wconf 87' lang='lat' dir='ltr'><strong>est</strong></span> <span class='ocrx_word' id='word_1_81' title='bbox 686 943 814 1001; x_wconf 90' lang='lat' dir='ltr'><strong>mundus</strong></span> <span class='ocrx_word' id='word_1_82' title='bbox 835 945 988 1022; x_wconf 87' lang='lat' dir='ltr'><strong>omniaque</strong></span> 
     </span>
     <span class='ocr_line' id='line_1_12' title="bbox 145 1021 986 1099; baseline 0.004 -21"><span class='ocrx_word' id='word_1_83' title='bbox 145 1021 221 1078; x_wconf 89' lang='lat' dir='ltr'><strong>sicut</strong></span> <span class='ocrx_word' id='word_1_84' title='bbox 237 1021 366 1078; x_wconf 86' lang='lat' dir='ltr'><strong>membra</strong></span> <span class='ocrx_word' id='word_1_85' title='bbox 381 1028 411 1079; x_wconf 90' lang='lat' dir='ltr'><strong>et</strong></span> <span class='ocrx_word' id='word_1_86' title='bbox 427 1028 522 1099; x_wconf 88' lang='lat' dir='ltr'><strong>partes</strong></span> <span class='ocrx_word' id='word_1_87' title='bbox 543 1041 608 1080; x_wconf 87' lang='lat' dir='ltr'><strong>suas</strong></span> <span class='ocrx_word' id='word_1_88' title='bbox 628 1024 787 1081; x_wconf 84' lang='lat' dir='ltr'><strong>nutricatur</strong></span> <span class='ocrx_word' id='word_1_89' title='bbox 803 1030 832 1081; x_wconf 87' lang='lat' dir='ltr'><strong>ct</strong></span> <span class='ocrx_word' id='word_1_90' title='bbox 849 1025 986 1082; x_wconf 88' lang='lat' dir='ltr'><strong>continet.</strong></span> 
     </span>
     <span class='ocr_line' id='line_1_13' title="bbox 145 1101 988 1179; baseline 0.005 -21"><span class='ocrx_word' id='word_1_91' title='bbox 145 1101 232 1170; x_wconf 82' lang='lat' dir='ltr'><strong>Quod</strong></span> <span class='ocrx_word' id='word_1_92' title='bbox 246 1101 271 1158; x_wconf 93' lang='lat' dir='ltr'><strong>si</strong></span> <span class='ocrx_word' id='word_1_93' title='bbox 285 1101 385 1158; x_wconf 91' lang='lat' dir='ltr'><strong>muudi</strong></span> <span class='ocrx_word' id='word_1_94' title='bbox 396 1109 492 1179; x_wconf 89' lang='lat' dir='ltr'><strong>partes</strong></span> <span class='ocrx_word' id='word_1_95' title='bbox 504 1111 607 1161; x_wconf 90' lang='lat' dir='ltr'><strong>natura</strong></span> <span class='ocrx_word' id='word_1_96' title='bbox 620 1103 863 1175; x_wconf 88' lang='lat' dir='ltr'><strong>administrantur,</strong></span> <span class='ocrx_word' id='word_1_97' title='bbox 874 1123 988 1162; x_wconf 88' lang='lat' dir='ltr'><strong>necesse</strong></span> 
     </span>
     <span class='ocr_line' id='line_1_14' title="bbox 144 1181 989 1261; baseline 0.005 -24"><span class='ocrx_word' id='word_1_98' title='bbox 144 1189 190 1238; x_wconf 85' lang='lat' dir='ltr'><strong>est</strong></span> <span class='ocrx_word' id='word_1_99' title='bbox 210 1181 350 1238; x_wconf 89' lang='lat' dir='ltr'><strong>mundum</strong></span> <span class='ocrx_word' id='word_1_100' title='bbox 371 1182 467 1259; x_wconf 88' lang='lat' dir='ltr'><strong>ipsum</strong></span> <span class='ocrx_word' id='word_1_101' title='bbox 487 1189 590 1240; x_wconf 86' lang='lat' dir='ltr'><strong>natura</strong></span> <span class='ocrx_word' id='word_1_102' title='bbox 610 1183 810 1255; x_wconf 86' lang='lat' dir='ltr'><strong>administrari,</strong></span> <span class='ocrx_word' id='word_1_103' title='bbox 827 1184 907 1241; x_wconf 90' lang='lat' dir='ltr'><strong>cuius</strong></span> <span class='ocrx_word' id='word_1_104' title='bbox 928 1185 989 1261; x_wconf 93' lang='lat' dir='ltr'><strong>qui-</strong></span> 
     </span>
     <span class='ocr_line' id='line_1_15' title="bbox 145 1261 987 1340; baseline 0.002 -22"><span class='ocrx_word' id='word_1_105' title='bbox 145 1261 212 1318; x_wconf 92' lang='lat' dir='ltr'><strong>dem</strong></span> <span class='ocrx_word' id='word_1_106' title='bbox 227 1261 438 1321; x_wconf 87' lang='lat' dir='ltr'><strong>administratio</strong></span> <span class='ocrx_word' id='word_1_107' title='bbox 452 1262 524 1319; x_wconf 91' lang='lat' dir='ltr'><strong>nihil</strong></span> <span class='ocrx_word' id='word_1_108' title='bbox 536 1262 623 1320; x_wconf 88' lang='lat' dir='ltr'><strong>habet</strong></span> <span class='ocrx_word' id='word_1_109' title='bbox 636 1263 666 1322; x_wconf 89' lang='lat' dir='ltr'><strong>in</strong></span> <span class='ocrx_word' id='word_1_110' title='bbox 681 1282 711 1320; x_wconf 90' lang='lat' dir='ltr'><strong>se</strong></span> <span class='ocrx_word' id='word_1_111' title='bbox 726 1262 804 1339; x_wconf 89' lang='lat' dir='ltr'><strong>quod</strong></span> <span class='ocrx_word' id='word_1_112' title='bbox 818 1263 987 1340; x_wconf 88' lang='lat' dir='ltr'><strong>reprehendi</strong></span> 
     </span>
     <span class='ocr_line' id='line_1_16' title="bbox 145 1341 990 1420; baseline 0.002 -22"><span class='ocrx_word' id='word_1_113' title='bbox 145 1342 254 1418; x_wconf 88' lang='lat' dir='ltr'><strong>possit:</strong></span> <span class='ocrx_word' id='word_1_114' title='bbox 272 1361 306 1399; x_wconf 92' lang='lat' dir='ltr'><strong>ex</strong></span> <span class='ocrx_word' id='word_1_115' title='bbox 317 1341 353 1398; x_wconf 94' lang='lat' dir='ltr'><strong>iis</strong></span> <span class='ocrx_word' id='word_1_116' title='bbox 364 1343 439 1400; x_wconf 91' lang='lat' dir='ltr'><strong>enirn</strong></span> <span class='ocrx_word' id='word_1_117' title='bbox 455 1343 572 1415; x_wconf 89' lang='lat' dir='ltr'><strong>naturis,</strong></span> <span class='ocrx_word' id='word_1_118' title='bbox 583 1362 655 1420; x_wconf 89' lang='lat' dir='ltr'><strong>quae</strong></span> <span class='ocrx_word' id='word_1_119' title='bbox 667 1351 754 1414; x_wconf 90' lang='lat' dir='ltr'><strong>eraut,</strong></span> <span class='ocrx_word' id='word_1_120' title='bbox 766 1343 844 1420; x_wconf 92' lang='lat' dir='ltr'><strong>quod</strong></span> <span class='ocrx_word' id='word_1_121' title='bbox 855 1342 928 1401; x_wconf 90' lang='lat' dir='ltr'><strong>effici</strong></span> <span class='ocrx_word' id='word_1_122' title='bbox 939 1362 990 1419; x_wconf 94' lang='lat' dir='ltr'><strong>op-</strong></span> 
     </span>
     <span class='ocr_line' id='line_1_17' title="bbox 145 1422 989 1500; baseline 0.002 -23"><span class='ocrx_word' id='word_1_123' title='bbox 145 1422 250 1478; x_wconf 86' lang='lat' dir='ltr'><strong>timum</strong></span> <span class='ocrx_word' id='word_1_124' title='bbox 265 1423 362 1498; x_wconf 89' lang='lat' dir='ltr'><strong>potuit</strong></span> <span class='ocrx_word' id='word_1_125' title='bbox 375 1423 510 1480; x_wconf 83' lang='lat' dir='ltr'><strong>effectum</strong></span> <span class='ocrx_word' id='word_1_126' title='bbox 525 1430 576 1480; x_wconf 91' lang='lat' dir='ltr'><strong>est.</strong></span> <span class='ocrx_word' id='word_1_127' title='bbox 616 1423 662 1480; x_wconf 82' lang='lat'><strong>87.</strong></span> <span class='ocrx_word' id='word_1_128' title='bbox 677 1422 789 1479; x_wconf 85' lang='lat' dir='ltr'><strong>Doceat</strong></span> <span class='ocrx_word' id='word_1_129' title='bbox 802 1441 871 1499; x_wconf 85' lang='lat' dir='ltr'><strong>ergo</strong></span> <span class='ocrx_word' id='word_1_130' title='bbox 886 1423 989 1500; x_wconf 86' lang='lat' dir='ltr'><strong>aliquis</strong></span> 
     </span>
     <span class='ocr_line' id='line_1_18' title="bbox 145 1501 988 1578; baseline 0.001 -20"><span class='ocrx_word' id='word_1_131' title='bbox 145 1502 274 1578; x_wconf 89' lang='lat' dir='ltr'><strong>potuisse</strong></span> <span class='ocrx_word' id='word_1_132' title='bbox 290 1502 400 1560; x_wconf 90' lang='lat' dir='ltr'><strong>melius.</strong></span> <span class='ocrx_word' id='word_1_133' title='bbox 443 1502 499 1560; x_wconf 85' lang='lat' dir='ltr'><strong>Sed</strong></span> <span class='ocrx_word' id='word_1_134' title='bbox 516 1521 603 1560; x_wconf 90' lang='lat' dir='ltr'><strong>nemo</strong></span> <span class='ocrx_word' id='word_1_135' title='bbox 623 1521 760 1578; x_wconf 88' lang='lat' dir='ltr'><strong>umquam</strong></span> <span class='ocrx_word' id='word_1_136' title='bbox 778 1501 894 1559; x_wconf 89' lang='lat' dir='ltr'><strong>docebit</strong></span> <span class='ocrx_word' id='word_1_137' title='bbox 911 1509 948 1574; x_wconf 90' lang='lat' dir='ltr'><strong>et,</strong></span> <span class='ocrx_word' id='word_1_138' title='bbox 964 1502 988 1559; x_wconf 93' lang='lat' dir='ltr'><strong>si</strong></span> 
     </span>
     <span class='ocr_line' id='line_1_19' title="bbox 146 1581 989 1660; baseline 0.001 -22"><span class='ocrx_word' id='word_1_139' title='bbox 146 1581 211 1658; x_wconf 91' lang='lat' dir='ltr'><strong>quis</strong></span> <span class='ocrx_word' id='word_1_140' title='bbox 231 1582 372 1658; x_wconf 81' lang='lat' dir='ltr'><strong>corrigere</strong></span> <span class='ocrx_word' id='word_1_141' title='bbox 392 1582 501 1660; x_wconf 91' lang='lat' dir='ltr'><strong>aliquid</strong></span> <span class='ocrx_word' id='word_1_142' title='bbox 518 1583 603 1654; x_wconf 89' lang='lat' dir='ltr'><strong>volet,</strong></span> <span class='ocrx_word' id='word_1_143' title='bbox 619 1590 669 1640; x_wconf 91' lang='lat' dir='ltr'><strong>aut</strong></span> <span class='ocrx_word' id='word_1_144' title='bbox 689 1581 814 1639; x_wconf 85' lang='lat' dir='ltr'><strong>deterius</strong></span> <span class='ocrx_word' id='word_1_145' title='bbox 830 1582 918 1639; x_wconf 86' lang='lat' dir='ltr'><strong>faciet</strong></span> <span class='ocrx_word' id='word_1_146' title='bbox 939 1589 989 1639; x_wconf 89' lang='lat' dir='ltr'><strong>aut</strong></span> 
     </span>
     <span class='ocr_line' id='line_1_20' title="bbox 145 1661 990 1739; baseline 0.001 -21"><span class='ocrx_word' id='word_1_147' title='bbox 145 1661 185 1732; x_wconf 90' lang='lat' dir='ltr'><strong>id,</strong></span> <span class='ocrx_word' id='word_1_148' title='bbox 196 1661 274 1739; x_wconf 91' lang='lat' dir='ltr'><strong>quod</strong></span> <span class='ocrx_word' id='word_1_149' title='bbox 285 1661 346 1719; x_wconf 88' lang='lat' dir='ltr'><strong>fieri</strong></span> <span class='ocrx_word' id='word_1_150' title='bbox 361 1681 418 1720; x_wconf 92' lang='lat' dir='ltr'><strong>nou</strong></span> <span class='ocrx_word' id='word_1_151' title='bbox 430 1663 565 1739; x_wconf 88' lang='lat' dir='ltr'><strong>potuerit,</strong></span> <span class='ocrx_word' id='word_1_152' title='bbox 576 1661 756 1720; x_wconf 87' lang='lat' dir='ltr'><strong>desiderabit.</strong></span> <span class='ocrx_word' id='word_1_153' title='bbox 792 1661 877 1729; x_wconf 79' lang='lat' dir='ltr'><strong>Quod</strong></span> <span class='ocrx_word' id='word_1_154' title='bbox 892 1662 916 1719; x_wconf 91' lang='lat' dir='ltr'><strong>si</strong></span> <span class='ocrx_word' id='word_1_155' title='bbox 930 1682 990 1719; x_wconf 91' lang='lat' dir='ltr'><strong>om-</strong></span> 
     </span>
     <span class='ocr_line' id='line_1_21' title="bbox 145 1741 989 1819; baseline 0.002 -21"><span class='ocrx_word' id='word_1_156' title='bbox 145 1760 197 1799; x_wconf 90' lang='lat' dir='ltr'><strong>nes</strong></span> <span class='ocrx_word' id='word_1_157' title='bbox 217 1741 319 1798; x_wconf 91' lang='lat' dir='ltr'><strong>muudi</strong></span> <span class='ocrx_word' id='word_1_158' title='bbox 335 1749 431 1819; x_wconf 87' lang='lat' dir='ltr'><strong>partes</strong></span> <span class='ocrx_word' id='word_1_159' title='bbox 447 1743 488 1800; x_wconf 90' lang='lat' dir='ltr'><strong>ita</strong></span> <span class='ocrx_word' id='word_1_160' title='bbox 508 1742 681 1800; x_wconf 85' lang='lat' dir='ltr'><strong>constitutae</strong></span> <span class='ocrx_word' id='word_1_161' title='bbox 699 1748 773 1813; x_wconf 91' lang='lat' dir='ltr'><strong>suut,</strong></span> <span class='ocrx_word' id='word_1_162' title='bbox 789 1749 822 1800; x_wconf 92' lang='lat' dir='ltr'><strong>ut</strong></span> <span class='ocrx_word' id='word_1_163' title='bbox 838 1761 931 1819; x_wconf 90' lang='lat' dir='ltr'><strong>neque</strong></span> <span class='ocrx_word' id='word_1_164' title='bbox 952 1741 989 1800; x_wconf 91' lang='lat' dir='ltr'><strong>ad</strong></span> 
     </span>
     <span class='ocr_line' id='line_1_22' title="bbox 145 1822 990 1900; baseline 0.001 -22"><span class='ocrx_word' id='word_1_165' title='bbox 145 1841 230 1879; x_wconf 90' lang='lat' dir='ltr'><strong>usum</strong></span> <span class='ocrx_word' id='word_1_166' title='bbox 244 1822 375 1880; x_wconf 90' lang='lat' dir='ltr'><strong>meliores</strong></span> <span class='ocrx_word' id='word_1_167' title='bbox 389 1823 537 1899; x_wconf 88' lang='lat' dir='ltr'><strong>potuerint</strong></span> <span class='ocrx_word' id='word_1_168' title='bbox 551 1842 611 1880; x_wconf 90' lang='lat' dir='ltr'><strong>esse</strong></span> <span class='ocrx_word' id='word_1_169' title='bbox 628 1841 720 1900; x_wconf 88' lang='lat' dir='ltr'><strong>neque</strong></span> <span class='ocrx_word' id='word_1_170' title='bbox 737 1822 774 1880; x_wconf 92' lang='lat' dir='ltr'><strong>ad</strong></span> <span class='ocrx_word' id='word_1_171' title='bbox 789 1823 913 1899; x_wconf 89' lang='lat' dir='ltr'><strong>speciem</strong></span> <span class='ocrx_word' id='word_1_172' title='bbox 927 1822 990 1900; x_wconf 91' lang='lat' dir='ltr'><strong>pul-</strong></span> 
     </span>
     <span class='ocr_line' id='line_1_23' title="bbox 145 1901 988 1972; baseline 0.002 -14"><span class='ocrx_word' id='word_1_173' title='bbox 145 1901 280 1972; x_wconf 88' lang='lat' dir='ltr'><strong>chriores,</strong></span> <span class='ocrx_word' id='word_1_174' title='bbox 298 1901 445 1960; x_wconf 90' lang='lat' dir='ltr'><strong>videamus</strong></span> <span class='ocrx_word' id='word_1_175' title='bbox 467 1909 564 1960; x_wconf 90' lang='lat' dir='ltr'><strong>utrum</strong></span> <span class='ocrx_word' id='word_1_176' title='bbox 585 1922 619 1960; x_wconf 88' lang='lat' dir='ltr'><strong>ea</strong></span> <span class='ocrx_word' id='word_1_177' title='bbox 638 1903 796 1960; x_wconf 83' lang='lat' dir='ltr'><strong>fortuitane</strong></span> <span class='ocrx_word' id='word_1_178' title='bbox 817 1903 875 1960; x_wconf 90' lang='lat' dir='ltr'><strong>siut</strong></span> <span class='ocrx_word' id='word_1_179' title='bbox 896 1922 933 1960; x_wconf 89' lang='lat' dir='ltr'><strong>an</strong></span> <span class='ocrx_word' id='word_1_180' title='bbox 954 1923 988 1960; x_wconf 93' lang='lat' dir='ltr'><strong>eo</strong></span> 
     </span>
     <span class='ocr_line' id='line_1_24' title="bbox 145 1981 989 2059; baseline 0.002 -21"><span class='ocrx_word' id='word_1_181' title='bbox 145 1988 231 2053; x_wconf 88' lang='lat' dir='ltr'><strong>statu,</strong></span> <span class='ocrx_word' id='word_1_182' title='bbox 245 2001 301 2058; x_wconf 91' lang='lat' dir='ltr'><strong>quo</strong></span> <span class='ocrx_word' id='word_1_183' title='bbox 316 1982 465 2049; x_wconf 88' lang='lat' dir='ltr'><strong>cohaerere</strong></span> <span class='ocrx_word' id='word_1_184' title='bbox 479 1983 559 2040; x_wconf 89' lang='lat' dir='ltr'><strong>nullo</strong></span> <span class='ocrx_word' id='word_1_185' title='bbox 573 1981 661 2040; x_wconf 89' lang='lat' dir='ltr'><strong>modo</strong></span> <span class='ocrx_word' id='word_1_186' title='bbox 676 1983 823 2059; x_wconf 87' lang='lat' dir='ltr'><strong>potuerint</strong></span> <span class='ocrx_word' id='word_1_187' title='bbox 834 1982 890 2040; x_wconf 91' lang='lat' dir='ltr'><strong>nisi</strong></span> <span class='ocrx_word' id='word_1_188' title='bbox 904 2002 989 2040; x_wconf 86' lang='lat' dir='ltr'><strong>seusu</strong></span> 
     </span>
     <span class='ocr_line' id='line_1_25' title="bbox 144 2062 990 2140; baseline 0.001 -21"><span class='ocrx_word' id='word_1_189' title='bbox 144 2062 313 2120; x_wconf 86' lang='lat' dir='ltr'><strong>moderante</strong></span> <span class='ocrx_word' id='word_1_190' title='bbox 328 2062 480 2139; x_wconf 84' lang='lat' dir='ltr'><strong>divinaque</strong></span> <span class='ocrx_word' id='word_1_191' title='bbox 495 2062 684 2139; x_wconf 87' lang='lat' dir='ltr'><strong>providentia.</strong></span> <span class='ocrx_word' id='word_1_192' title='bbox 723 2062 754 2120; x_wconf 77' lang='lat' dir='ltr'><strong>Si</strong></span> <span class='ocrx_word' id='word_1_193' title='bbox 769 2063 858 2140; x_wconf 86' lang='lat' dir='ltr'><strong>igitur</strong></span> <span class='ocrx_word' id='word_1_194' title='bbox 871 2064 990 2121; x_wconf 88' lang='lat' dir='ltr'><strong>meliora</strong></span> 
     </span>
     <span class='ocr_line' id='line_1_26' title="bbox 145 2142 989 2220; baseline 0.001 -21"><span class='ocrx_word' id='word_1_195' title='bbox 145 2149 214 2200; x_wconf 82' lang='lat' dir='ltr'><strong>eunt</strong></span> <span class='ocrx_word' id='word_1_196' title='bbox 234 2161 364 2219; x_wconf 73' lang='lat' dir='ltr'><strong>eaquae</strong></span> <span class='ocrx_word' id='word_1_197' title='bbox 384 2150 494 2214; x_wconf 89' lang='lat' dir='ltr'><strong>natura,</strong></span> <span class='ocrx_word' id='word_1_198' title='bbox 511 2161 597 2220; x_wconf 89' lang='lat' dir='ltr'><strong>quam</strong></span> <span class='ocrx_word' id='word_1_199' title='bbox 618 2142 674 2214; x_wconf 88' lang='lat' dir='ltr'><strong>illa,</strong></span> <span class='ocrx_word' id='word_1_200' title='bbox 690 2162 763 2220; x_wconf 86' lang='lat' dir='ltr'><strong>quae</strong></span> <span class='ocrx_word' id='word_1_201' title='bbox 784 2150 844 2200; x_wconf 93' lang='lat' dir='ltr'><strong>arte</strong></span> <span class='ocrx_word' id='word_1_202' title='bbox 861 2144 989 2220; x_wconf 87' lang='lat' dir='ltr'><strong>perfecta</strong></span> 
     </span>
     <span class='ocr_line' id='line_1_27' title="bbox 144 2221 990 2298; baseline 0.006 -23"><span class='ocrx_word' id='word_1_203' title='bbox 144 2225 221 2291; x_wconf 86' lang='lat' dir='ltr'><strong>s&#39;unt,</strong></span> <span class='ocrx_word' id='word_1_204' title='bbox 233 2239 285 2277; x_wconf 91' lang='lat' dir='ltr'><strong>nec</strong></span> <span class='ocrx_word' id='word_1_205' title='bbox 302 2240 346 2278; x_wconf 89' lang='lat' dir='ltr'><strong>ars</strong></span> <span class='ocrx_word' id='word_1_206' title='bbox 363 2221 450 2280; x_wconf 88' lang='lat' dir='ltr'><strong>efficit</strong></span> <span class='ocrx_word' id='word_1_207' title='bbox 465 2224 617 2298; x_wconf 92' lang='lat' dir='ltr'><strong>quicquam</strong></span> <span class='ocrx_word' id='word_1_208' title='bbox 632 2223 693 2280; x_wconf 88' lang='lat' dir='ltr'><strong>sinc</strong></span> <span class='ocrx_word' id='word_1_209' title='bbox 707 2223 825 2294; x_wconf 89' lang='lat' dir='ltr'><strong>ratione,</strong></span> <span class='ocrx_word' id='word_1_210' title='bbox 837 2242 873 2281; x_wconf 90' lang='lat' dir='ltr'><strong>ne</strong></span> <span class='ocrx_word' id='word_1_211' title='bbox 888 2231 990 2281; x_wconf 88' lang='lat' dir='ltr'><strong>natura</strong></span> 
     </span>
     <span class='ocr_line' id='line_1_28' title="bbox 146 2299 989 2380; baseline 0.004 -24"><span class='ocrx_word' id='word_1_212' title='bbox 146 2299 264 2375; x_wconf 91' lang='lat' dir='ltr'><strong>quidem</strong></span> <span class='ocrx_word' id='word_1_213' title='bbox 278 2301 397 2357; x_wconf 88' lang='lat' dir='ltr'><strong>rationis</strong></span> <span class='ocrx_word' id='word_1_214' title='bbox 411 2320 512 2378; x_wconf 86' lang='lat' dir='ltr'><strong>expers</strong></span> <span class='ocrx_word' id='word_1_215' title='bbox 526 2307 569 2358; x_wconf 89' lang='lat' dir='ltr'><strong>est</strong></span> <span class='ocrx_word' id='word_1_216' title='bbox 579 2301 718 2360; x_wconf 87' lang='lat' dir='ltr'><strong>habenda.</strong></span> <span class='ocrx_word' id='word_1_217' title='bbox 753 2301 811 2371; x_wconf 80' lang='lat' dir='ltr'><strong>Qui</strong></span> <span class='ocrx_word' id='word_1_218' title='bbox 822 2304 910 2380; x_wconf 81' lang='lat' dir='ltr'><strong>igitur</strong></span> <span class='ocrx_word' id='word_1_219' title='bbox 924 2323 989 2361; x_wconf 91' lang='lat' dir='ltr'><strong>con-</strong></span> 
     </span>
     <span class='ocr_line' id='line_1_29' title="bbox 145 2379 990 2460; baseline 0.006 -25"><span class='ocrx_word' id='word_1_220' title='bbox 145 2379 233 2450; x_wconf 90' lang='lat' dir='ltr'><strong>venit,</strong></span> <span class='ocrx_word' id='word_1_221' title='bbox 244 2379 358 2456; x_wconf 81' lang='lat' dir='ltr'><strong>signum</strong></span> <span class='ocrx_word' id='word_1_222' title='bbox 373 2387 424 2438; x_wconf 87' lang='lat' dir='ltr'><strong>aut</strong></span> <span class='ocrx_word' id='word_1_223' title='bbox 432 2380 560 2439; x_wconf 86' lang='lat' dir='ltr'><strong>tabulam</strong></span> <span class='ocrx_word' id='word_1_224' title='bbox 575 2382 683 2459; x_wconf 89' lang='lat' dir='ltr'><strong>pictam</strong></span> <span class='ocrx_word' id='word_1_225' title='bbox 698 2401 762 2440; x_wconf 89' lang='lat' dir='ltr'><strong>curn</strong></span> <span class='ocrx_word' id='word_1_226' title='bbox 778 2384 927 2460; x_wconf 86' lang='lat' dir='ltr'><strong>aspexeris,</strong></span> <span class='ocrx_word' id='word_1_227' title='bbox 939 2383 990 2440; x_wconf 89' lang='lat' dir='ltr'><strong>sci-</strong></span> 
     </span>
     <span class='ocr_line' id='line_1_30' title="bbox 145 2458 990 2540; baseline 0.005 -25"><span class='ocrx_word' id='word_1_228' title='bbox 145 2477 176 2516; x_wconf 90' lang='lat' dir='ltr'><strong>re</strong></span> <span class='ocrx_word' id='word_1_229' title='bbox 190 2458 348 2517; x_wconf 88' lang='lat' dir='ltr'><strong>adhibitam</strong></span> <span class='ocrx_word' id='word_1_230' title='bbox 364 2479 424 2518; x_wconf 90' lang='lat' dir='ltr'><strong>esse</strong></span> <span class='ocrx_word' id='word_1_231' title='bbox 435 2468 533 2531; x_wconf 90' lang='lat' dir='ltr'><strong>artem,</strong></span> <span class='ocrx_word' id='word_1_232' title='bbox 545 2481 666 2540; x_wconf 88' lang='lat' dir='ltr'><strong>cumque</strong></span> <span class='ocrx_word' id='word_1_233' title='bbox 678 2462 776 2539; x_wconf 88' lang='lat' dir='ltr'><strong>procul</strong></span> <span class='ocrx_word' id='word_1_234' title='bbox 789 2482 901 2520; x_wconf 91' lang='lat' dir='ltr'><strong>cursum</strong></span> <span class='ocrx_word' id='word_1_235' title='bbox 913 2463 990 2520; x_wconf 86' lang='lat' dir='ltr'><strong>navi-</strong></span> 
     </span>
     <span class='ocr_line' id='line_1_31' title="bbox 145 2539 989 2619; baseline 0.005 -24"><span class='ocrx_word' id='word_1_236' title='bbox 145 2539 187 2615; x_wconf 80' lang='lat' dir='ltr'><strong>gii</strong></span> <span class='ocrx_word' id='word_1_237' title='bbox 204 2539 316 2611; x_wconf 80' lang='lat' dir='ltr'><strong>viderie,</strong></span> <span class='ocrx_word' id='word_1_238' title='bbox 332 2559 391 2598; x_wconf 90' lang='lat' dir='ltr'><strong>uon</strong></span> <span class='ocrx_word' id='word_1_239' title='bbox 409 2541 540 2599; x_wconf 87' lang='lat' dir='ltr'><strong>dubitare</strong></span> <span class='ocrx_word' id='word_1_240' title='bbox 561 2542 631 2618; x_wconf 90' lang='lat' dir='ltr'><strong>quin</strong></span> <span class='ocrx_word' id='word_1_241' title='bbox 648 2543 679 2600; x_wconf 92' lang='lat' dir='ltr'><strong>id</strong></span> <span class='ocrx_word' id='word_1_242' title='bbox 695 2543 805 2599; x_wconf 90' lang='lat' dir='ltr'><strong>ratione</strong></span> <span class='ocrx_word' id='word_1_243' title='bbox 826 2549 912 2619; x_wconf 91' lang='lat' dir='ltr'><strong>atque</strong></span> <span class='ocrx_word' id='word_1_244' title='bbox 929 2550 989 2599; x_wconf 88' lang='lat' dir='ltr'><strong>arte</strong></span> 
     </span>
     <span class='ocr_line' id='line_1_32' title="bbox 145 2622 989 2700; baseline 0.006 -25"><span class='ocrx_word' id='word_1_245' title='bbox 145 2627 295 2676; x_wconf 88' lang='lat' dir='ltr'><strong>moveatur</strong></span> <span class='ocrx_word' id='word_1_246' title='bbox 311 2627 370 2692; x_wconf 88' lang='lat' dir='ltr'><strong>aut,</strong></span> <span class='ocrx_word' id='word_1_247' title='bbox 386 2640 451 2678; x_wconf 90' lang='lat' dir='ltr'><strong>cum</strong></span> <span class='ocrx_word' id='word_1_248' title='bbox 469 2622 603 2679; x_wconf 85' lang='lat' dir='ltr'><strong>solarium</strong></span> <span class='ocrx_word' id='word_1_249' title='bbox 625 2629 675 2680; x_wconf 89' lang='lat' dir='ltr'><strong>aut</strong></span> <span class='ocrx_word' id='word_1_250' title='bbox 691 2622 866 2700; x_wconf 90' lang='lat' dir='ltr'><strong>descriptum</strong></span> <span class='ocrx_word' id='word_1_251' title='bbox 888 2630 938 2680; x_wconf 88' lang='lat' dir='ltr'><strong>ant</strong></span> <span class='ocrx_word' id='word_1_252' title='bbox 955 2642 989 2680; x_wconf 89' lang='lat' dir='ltr'><strong>ex</strong></span> 
     </span>
     <span class='ocr_line' id='line_1_33' title="bbox 145 2701 989 2778; baseline 0.004 -23"><span class='ocrx_word' id='word_1_253' title='bbox 145 2717 220 2776; x_wconf 87' lang='lat' dir='ltr'><strong>aqua</strong></span> <span class='ocrx_word' id='word_1_254' title='bbox 228 2701 431 2778; x_wconf 90' lang='lat' dir='ltr'><strong>contemplere,</strong></span> <span class='ocrx_word' id='word_1_255' title='bbox 438 2701 603 2778; x_wconf 80' lang='lat' dir='ltr'><strong>intellegere</strong></span> <span class='ocrx_word' id='word_1_256' title='bbox 614 2702 750 2760; x_wconf 89' lang='lat' dir='ltr'><strong>declarari</strong></span> <span class='ocrx_word' id='word_1_257' title='bbox 758 2702 843 2759; x_wconf 86' lang='lat' dir='ltr'><strong>horas</strong></span> <span class='ocrx_word' id='word_1_258' title='bbox 854 2709 922 2774; x_wconf 88' lang='lat' dir='ltr'><strong>arte,</strong></span> <span class='ocrx_word' id='word_1_259' title='bbox 930 2721 989 2759; x_wconf 89' lang='lat' dir='ltr'><strong>non</strong></span> 
     </span>
     <span class='ocr_line' id='line_1_34' title="bbox 145 2780 989 2860; baseline 0.002 -24"><span class='ocrx_word' id='word_1_260' title='bbox 145 2798 221 2849; x_wconf 86' lang='lat' dir='ltr'><strong>casu,</strong></span> <span class='ocrx_word' id='word_1_261' title='bbox 230 2780 373 2838; x_wconf 92' lang='lat' dir='ltr'><strong>mundum</strong></span> <span class='ocrx_word' id='word_1_262' title='bbox 388 2788 493 2853; x_wconf 88' lang='lat' dir='ltr'><strong>autem,</strong></span> <span class='ocrx_word' id='word_1_263' title='bbox 504 2783 554 2859; x_wconf 92' lang='lat' dir='ltr'><strong>qui</strong></span> <span class='ocrx_word' id='word_1_264' title='bbox 568 2789 597 2840; x_wconf 89' lang='lat' dir='ltr'><strong>et</strong></span> <span class='ocrx_word' id='word_1_265' title='bbox 607 2782 659 2840; x_wconf 87' lang='lat' dir='ltr'><strong>has</strong></span> <span class='ocrx_word' id='word_1_266' title='bbox 670 2783 746 2860; x_wconf 86' lang='lat' dir='ltr'><strong>ipsas</strong></span> <span class='ocrx_word' id='word_1_267' title='bbox 760 2789 835 2839; x_wconf 86' lang='lat' dir='ltr'><strong>artes</strong></span> <span class='ocrx_word' id='word_1_268' title='bbox 849 2789 879 2840; x_wconf 92' lang='lat' dir='ltr'><strong>et</strong></span> <span class='ocrx_word' id='word_1_269' title='bbox 892 2801 989 2840; x_wconf 89' lang='lat' dir='ltr'><strong>earum</strong></span> 
     </span>
     <span class='ocr_line' id='line_1_35' title="bbox 146 2859 990 2939; baseline 0.002 -23"><span class='ocrx_word' id='word_1_270' title='bbox 146 2859 268 2917; x_wconf 87' lang='lat' dir='ltr'><strong>artifices</strong></span> <span class='ocrx_word' id='word_1_271' title='bbox 289 2868 318 2918; x_wconf 92' lang='lat' dir='ltr'><strong>et</strong></span> <span class='ocrx_word' id='word_1_272' title='bbox 335 2869 437 2918; x_wconf 90' lang='lat' dir='ltr'><strong>cuncta</strong></span> <span class='ocrx_word' id='word_1_273' title='bbox 458 2861 673 2939; x_wconf 88' lang='lat' dir='ltr'><strong>complectatur,</strong></span> <span class='ocrx_word' id='word_1_274' title='bbox 688 2862 800 2920; x_wconf 90' lang='lat' dir='ltr'><strong>consilii</strong></span> <span class='ocrx_word' id='word_1_275' title='bbox 822 2869 851 2920; x_wconf 93' lang='lat' dir='ltr'><strong>et</strong></span> <span class='ocrx_word' id='word_1_276' title='bbox 870 2862 990 2920; x_wconf 89' lang='lat' dir='ltr'><strong>rationis</strong></span> 
     </span>
     <span class='ocr_line' id='line_1_36' title="bbox 146 2942 990 3018; baseline 0.004 -22"><span class='ocrx_word' id='word_1_277' title='bbox 146 2959 207 2996; x_wconf 85' lang='lat' dir='ltr'><strong>esse</strong></span> <span class='ocrx_word' id='word_1_278' title='bbox 222 2948 369 3017; x_wconf 88' lang='lat' dir='ltr'><strong>expertem</strong></span> <span class='ocrx_word' id='word_1_279' title='bbox 382 2943 502 3018; x_wconf 73' lang='lat' dir='ltr'><strong>putaret</strong></span> <span class='ocrx_word' id='word_1_280' title='bbox 534 2947 580 2999; x_wconf 82' lang='grc'><strong>88.</strong></span> <span class='ocrx_word' id='word_1_281' title='bbox 597 2942 682 3010; x_wconf 80' lang='lat' dir='ltr'><strong>Quod</strong></span> <span class='ocrx_word' id='word_1_282' title='bbox 697 2943 761 2999; x_wconf 88' lang='lat' dir='ltr'><strong>siin</strong></span> <span class='ocrx_word' id='word_1_283' title='bbox 777 2942 925 3018; x_wconf 84' lang='lat' dir='ltr'><strong>Scythiam</strong></span> <span class='ocrx_word' id='word_1_284' title='bbox 940 2949 990 2999; x_wconf 89' lang='lat' dir='ltr'><strong>aut</strong></span> 
     </span>
     <span class='ocr_line' id='line_1_37' title="bbox 145 3019 989 3099; baseline 0.004 -24"><span class='ocrx_word' id='word_1_285' title='bbox 145 3019 177 3075; x_wconf 94' lang='lat' dir='ltr'><strong>in</strong></span> <span class='ocrx_word' id='word_1_286' title='bbox 198 3019 379 3078; x_wconf 88' lang='lat' dir='ltr'><strong>Britanniam</strong></span> <span class='ocrx_word' id='word_1_287' title='bbox 401 3021 550 3098; x_wconf 86' lang='lat' dir='ltr'><strong>sphaeram</strong></span> <span class='ocrx_word' id='word_1_288' title='bbox 572 3021 675 3098; x_wconf 90' lang='lat' dir='ltr'><strong>aliquis</strong></span> <span class='ocrx_word' id='word_1_289' title='bbox 692 3022 789 3080; x_wconf 88' lang='lat' dir='ltr'><strong>tulerit</strong></span> <span class='ocrx_word' id='word_1_290' title='bbox 805 3022 887 3092; x_wconf 91' lang='lat' dir='ltr'><strong>hanc,</strong></span> <span class='ocrx_word' id='word_1_291' title='bbox 903 3041 989 3099; x_wconf 88' lang='lat' dir='ltr'><strong>quarn</strong></span> 
     </span>
     <span class='ocr_line' id='line_1_38' title="bbox 145 3101 990 3176; baseline 0.004 -22"><span class='ocrx_word' id='word_1_292' title='bbox 145 3118 238 3176; x_wconf 92' lang='lat' dir='ltr'><strong>nuper</strong></span> <span class='ocrx_word' id='word_1_293' title='bbox 251 3101 402 3158; x_wconf 80' lang='lat' dir='ltr'><strong>familiaris</strong></span> <span class='ocrx_word' id='word_1_294' title='bbox 418 3108 517 3159; x_wconf 92' lang='lat' dir='ltr'><strong>noster</strong></span> <span class='ocrx_word' id='word_1_295' title='bbox 533 3102 630 3158; x_wconf 84' lang='lat' dir='ltr'><strong>offecit</strong></span> <span class='ocrx_word' id='word_1_296' title='bbox 644 3103 826 3174; x_wconf 88' lang='lat' dir='ltr'><strong>Posidonius,</strong></span> <span class='ocrx_word' id='word_1_297' title='bbox 837 3103 918 3159; x_wconf 90' lang='lat' dir='ltr'><strong>cuius</strong></span> <span class='ocrx_word' id='word_1_298' title='bbox 935 3103 990 3158; x_wconf 88' lang='lat' dir='ltr'><strong>sin-</strong></span> 
     </span>
    </p>
   </div>
   <div class='ocr_carea' id='block_1_3' title="bbox 146 3179 989 3308">
    <p class='ocr_par' dir='ltr' id='par_1_4' title="bbox 146 3179 989 3308">
     <span class='ocr_line' id='line_1_39' title="bbox 146 3179 989 3256; baseline -0.001 -17"><span class='ocrx_word' id='word_1_299' title='bbox 146 3179 230 3256; x_wconf 80' lang='lat' dir='ltr'><strong>gulae</strong></span> <span class='ocrx_word' id='word_1_300' title='bbox 241 3182 440 3240; x_wconf 89' lang='lat' dir='ltr'><strong>conversiones</strong></span> <span class='ocrx_word' id='word_1_301' title='bbox 451 3182 526 3240; x_wconf 87' lang='lat' dir='ltr'><strong>idom</strong></span> <span class='ocrx_word' id='word_1_302' title='bbox 543 3181 670 3240; x_wconf 89' lang='lat' dir='ltr'><strong>efficiunt</strong></span> <span class='ocrx_word' id='word_1_303' title='bbox 680 3184 710 3240; x_wconf 90' lang='lat' dir='ltr'><strong>in</strong></span> <span class='ocrx_word' id='word_1_304' title='bbox 726 3183 784 3241; x_wconf 87' lang='lat' dir='ltr'><strong>sole</strong></span> <span class='ocrx_word' id='word_1_305' title='bbox 799 3183 868 3241; x_wconf 89' lang='lat' dir='ltr'><strong>etin</strong></span> <span class='ocrx_word' id='word_1_306' title='bbox 880 3182 948 3239; x_wconf 88' lang='lat' dir='ltr'><strong>luna</strong></span> <span class='ocrx_word' id='word_1_307' title='bbox 961 3187 989 3238; x_wconf 89' lang='lat' dir='ltr'><strong>et</strong></span> 
     </span>
     <span class='ocr_line' id='line_1_40' title="bbox 228 3264 243 3308; baseline 0 0"><span class='ocrx_word' id='word_1_308' title='bbox 228 3264 243 3308; x_wconf 82' lang='lat' dir='ltr'><strong>&#39;l</strong></span> 
     </span>
    </p>
   </div>
   <div class='ocr_carea' id='block_1_4' title="bbox 0 0 1116 3432">
    <p class='ocr_par' dir='ltr' id='par_1_5' title="bbox 0 0 1116 3432">
     <span class='ocr_line' id='line_1_41' title="bbox 0 0 1116 3432; baseline 0 0"><span class='ocrx_word' id='word_1_309' title='bbox 0 0 1116 3432; x_wconf 95' lang='lat' dir='ltr'><strong> </strong></span> 
     </span>
    </p>
   </div>
  </div>
 </body>
</html>
