2242 3436
135 133 183 180 loo
395 128 445 176 DE
462 127 712 178 DIVINATIONE.

134 233 201 290 tatis
218 236 268 287 aut
284 230 489 307 impudentiae,
506 221 716 306 qui'oocouxx.
732 231 811 287 milia
825 251 975 305 annornm,

133 320 166 370 ut
183 311 238 388 ipsi
255 311 363 379 dicunt,
379 310 574 367 monumentis
595 311 800 386 comprehensa
817 311 974 384 continent,

133 401 162 449 et
178 391 294 448 mentiri
308 390 467 448 iudicemus
483 409 535 448 neo
553 390 729 448 saeculorum
746 391 919 468 reliquorum
935 394 975 450 iu·

133 472 249 542 dicium,
262 471 340 547 quod
351 470 408 527 de
402 471 471 547 rpsis
485 469 665 528 futurum't
628 478 665 527 ιιι
667 472 890 546 ,pertimescere
927 472 973 531 37.

132 552 205 628 Age,
217 551 329 608 barbari
347 551 412 607 vani
429 557 514 627 atque
531 551 662 608 fallaces:
684 570 787 608 nume
772 551 859 608 etiam
876 551 976 610 Graio-

132 651 196 689 rum
220 630 340 688 historia
364 631 485 688 mentita
513 632 574 688 estl
615 629 694 698 Quae
719 630 825 688 Croeso
849 631 975 708 Pythius

131 711 248 788 Apollo,
261 718 294 768 ut
307 711 343 768 de
358 716 408 767 nat
396 710 480 767 turali
495 709 671 768 divinatione
686 710 789 782 dicam,
802 711 926 788 quaeAt
914 711 975 768 the-

132 790 286 861 niensibns,
306 809 377 867 quae
399 789 638 862 Lacedaemoniis,
655 809 727 868 quae
744 790 884 868 Tegeatis,
901 811 974 868 quae

132 870 256 946 Argivis,
273 890 345 947 quae
367 869 526 927 Corinthiis
553 870 732 946 responderit
755 872 819 948 quis
842 871 974 947 ignorati

132 950 257 1027 Collegit
280 949 499 1008 innumerabilia
522 951 635 1008 oracula
656 950 836 1028 Chrysippus
858 971 910 1008 nec
932 951 974 1008 ul-

132 1031 192 1086 lum
215 1031 276 1088 sine
298 1030 441 1107 locuplete
462 1038 576 1088 auctore
593 1037 680 1106 atque
696 1037 785 1088 teste:
809 1050 888 1108 quae,
906 1033 974 1109 quia

132 1117 202 1167 nota
215 1110 269 1168 tibi
283 1117 358 1181 sunt,
371 1109 518 1187 relinquo:
540 1110 666 1168 defendo
680 1130 771 1168 unum
785 1110 848 1169 hoc.
883 1110 912 1168 N
914 1132 974 1168 um-

133 1210 218 1267 quam
233 1189 304 1247 illud
319 1189 462 1247 oraculum
475 1190 598 1267 Delphis
608 1197 667 1246 tam
683 1190 791 1248 celebre
806 1198 905 1249 ettam
919 1192 974 1248 cla-

132 1291 194 1327 rum
209 1271 312 1328 fuisset
325 1289 418 1348 neque
432 1271 520 1328 tantis
534 1271 618 1327 donis
631 1271 769 1328 refertum
782 1272 911 1328 omnium
922 1291 974 1348 po*

132 1351 265 1428 pulorum
284 1358 370 1428 atque
391 1370 500 1427 regum,
515 1351 571 1408 nisi
588 1351 683 1407 omnis
699 1358 777 1408 aetas
793 1351 973 1408 oraculorum

132 1432 245 1489 illorum
263 1431 411 1490 veritatem
427 1440 501 1488 esset
515 1441 638 1507 experta.
681 1430 762 1488 Idem
776 1431 834 1488 iam
849 1431 900 1488 diu
914 1450 972 1488 non

131 1512 209 1569 facit.
246 1519 291 1569 38.
310 1511 354 1569 Ut
369 1512 457 1588 igitur
471 1531 546 1568 nunc
557 1511 667 1568 minore
678 1511 770 1587 gloria
780 1517 831 1580 est,
845 1511 911 1588 quia
921 1513 974 1568 mi-

132 1611 185 1648 nus
202 1591 381 1649 oraculorum
399 1591 501 1649 veritas
518 1590 640 1661 excellit,
656 1591 696 1648 sic
712 1597 776 1650 tum
790 1591 846 1647 nisi
860 1610 975 1648 summa

132 1672 250 1729 veritate
273 1672 304 1728 in
321 1679 402 1730 tanta
418 1671 509 1748 gloria
525 1690 583 1728 non
600 1671 711 1729 fuisset.
753 1671 855 1728 Potest
875 1679 972 1728 autem

131 1752 175 1808 vis
191 1751 240 1808 illa
256 1759 354 1823 terrae,
371 1771 443 1830 quae
460 1759 586 1809 mentem
603 1750 727 1828 Pythiae
746 1750 845 1808 divino
864 1751 974 1808 adfiatu

132 1831 302 1903 concitabat,
316 1833 461 1889 evanuisse
475 1837 624 1901 vetustate,
636 1838 670 1888 ut
681 1830 820 1908 quosdam
831 1831 973 1888 exaruisse

132 1931 231 1969 amnes
244 1919 294 1969 aut
308 1913 337 1968 in
353 1913 439 1969 alium
457 1931 571 1969 cursum
589 1917 736 1968 contortos
750 1917 779 1968 et
793 1909 919 1968 deflexos
933 1913 974 1968 vi-

133 1992 240 2050 demus.
280 1991 345 2063 Sed,
359 2000 391 2050 ut
404 1992 454 2062 vis,
467 1991 618 2049 acciderit:
636 2010 741 2067 magna
755 1989 831 2048 enim
844 1991 973 2068 quaestio

132 2079 192 2129 est:
214 2071 303 2129 modo
323 2081 437 2129 maneat
454 2072 492 2141 id,
510 2071 588 2148 quod
604 2072 703 2147 negari
720 2089 778 2126 non
794 2077 899 2147 potest,
916 2071 972 2127 nisi

133 2171 247 2210 omnem
266 2151 414 2209 historiam
431 2151 658 2227 perverterimus,
674 2150 772 2208 multis
789 2151 908 2208 saeculis
930 2171 974 2208 ve-

132 2251 181 2290 rax
195 2232 284 2288 fuisse
299 2231 328 2288 id
344 2230 497 2289 oraculum.

172 2312 240 2369 XX.
283 2318 329 2369 39.
352 2311 410 2368 Sed
426 2311 595 2368 omittamus
616 2310 745 2368 oracula:
768 2311 915 2369 veniamus
936 2311 974 2368 ad

132 2393 251 2449 somnia
293 2392 339 2448 De
354 2390 457 2467 quibus
472 2390 621 2466 disputans
638 2391 817 2468 Chrysippus
831 2391 930 2448 multis
944 2398 974 2448 et

132 2472 251 2529 minutis
266 2472 385 2528 somn-iis
399 2470 568 2547 colligendis
582 2471 653 2527 facit
667 2471 744 2528 idem
760 2471 838 2548 quod
852 2471 975 2547 Antipa-

131 2560 183 2622 ter,
196 2571 229 2608 ea
245 2551 423 2627 conquirens
440 2569 512 2627 quae
530 2550 721 2627 Antiphontis
737 2551 974 2628 interpretatione

131 2631 273 2708 explicata
293 2630 438 2688 declarant
457 2629 506 2686 illa
527 2630 643 2706 quidem
660 2650 781 2688 acumen
798 2631 972 2708 interpretis,

132 2712 183 2767 sed
196 2710 334 2787 exemplis
348 2709 547 2786 grandioribus
562 2710 659 2768 decuit
672 2711 723 2768 uti.
765 2709 901 2786 Dionysii
916 2729 975 2766 ma-

131 2797 183 2860 ter,
196 2790 256 2846 eins
271 2809 320 2864 qur
312 2789 571 2866 Syracusiorumt
573 2809 698 2866 yrannus
712 2790 822 2859 fuit‚t
790 2809 809 2846 u
810 2790 974 2866 tseriptum

133 2834 209 2944 aprid
224 2869 439 2925 Philistumt
396 2876 447 2938 est,
464 2869 577 2925 ettdoc
565 2876 627 2925 tum
644 2834 791 2926 hominerh
809 2876 838 2926 et
854 2870 975 2945 diligen-

132 2953 192 3002 tem
210 2954 239 3003 et
255 2947 400 3023 aequalem
417 2956 580 3023 temporum
598 2948 721 3019 illorum,
734 2968 799 3005 cnm
814 2955 975 3040 praegnans

133 3024 231 3080 hunc'
223 3045 317 3100 ipsum
329 3026 450 3117 Diony
430 3047 503 3083 srum
518 3026 582 3082 alvo
596 2993 763 3097 contineiet
776 3028 930 3085 somniavit
944 3047 975 3086 se

134 3103 276 3191 peperisse
286 3103 378 3178 Saty
357 3124 469 3162 rrscum.
499 3105 630 3162 Huict
587 3113 630 3162 ιιιι
631 3114 724 3182 erpret
725 3126 754 3164 es
763 3113 973 3183 portentorum,

135 3181 184 3252 qui
199 3180 300 3238 Galeot
288 3187 335 3238 tae
348 3185 433 3240 tum
425 3203 455 3239 ιιι
470 3183 567 3241 Sicilia
580 3185 768 3244 nominabant
756 3194 810 3257 tur,
822 3187 975 3264 responde·
