2242 3436
247 142 697 206 L113‚11.‚CA1’.XL111.-xuv.‚
712 143 726 204 ξ
741 147 860 196 lit-115.
941 147 973 196 87

133 247 199 301 114.
218 241 310 311 Quem
326 242 502 321 subsequens

195 364 317 412 Fervidus
328 364 370 413 ilie
383 364 459 413 Canis
471 365 598 414 stellarum
610 366 665 415 luce
676 366 789 428 refulget.
803 421 805 426 ,

129 475 203 535 Post
218 475 314 554 Lepus
328 477 464 553 sequitur,

195 597 351 646 Curi-iculum
364 613 499 660 numquam
512 597 608 646 defesso
619 613 722 661 corpore
734 599 831 648 sedans.

195 665 232 711 At
244 662 320 711 Canis
332 662 364 710 ad
376 663 482 711 caudam
495 678 593 725 serpens
605 664 742 726 prolabitur
754 666 838 725 Argo.
851 702 858 715 .
870 702 877 716 .

195 728 269 776 Hane
282 729 355 776 Aries
367 729 429 789 tegit
440 738 465 775 et
476 743 608 791 squamoso
619 745 722 793 corpore
733 731 825 792 Pisces,

194 794 318 842 Fluminis
330 793 418 842 illustri
430 802 573 855 tangentem
586 809 688 858 corpore
700 796 773 859 ripas.

127 910 222 980 Quem
237 911 322 989 longe
336 918 498 989 serpentem
513 920 542 970 et
555 921 722 971 manantem

194 1065 226 1073 -
237 1039 341 1101 aspicies
352 1054 502 1103 proceraque
513 1041 605 1089 Vincla
615 1042 717 1103 ridebis,

194 1104 264 1164 erne
276 1105 383 1154 retinent
393 1106 479 1154 Pisces
490 1107 624 1155 caudarum
636 1124 652 1156 a
663 1117 732 1169 parte
743 1107 831 1158 locata.
845 1145 851 1158 .
864 1145 870 1160 .
883 1145 891 1157 .

193 1170 258 1218 Inde
270 1171 355 1232 Nepae
366 1185 452 1219 cernes
463 1181 564 1234 propter
575 1173 692 1233 fulgentis
703 1188 809 1222 acumen

135 1295 137 1300 Ι
194 1238 364 1299 Aram,quam
376 1236 437 1284 flatu
448 1238 584 1299 permulcet
595 1238 696 1301 spiritus
707 1239 792 1289 austri.

126 1351 307 1430 Propterque
322 1352 482 1411 Centaurus

193 1483 267 1531 Cedit
278 1483 344 1546 liqui
356 1483 432 1545 partis
443 1498 577 1546 properans
588 1484 737 1543 subiungere
748 1483 831 1532 chelis.

193 1549 243 1596 llic
254 1548 370 1596 dextrum
380 1563 492 1610 porgens,
503 1548 642 1614 quadrupes
655 1564 705 1611 qun
715 1559 786 1597 vasta
798 1555 903 1610 tenetur,

192 1613 285 1661 Tendit
295 1626 321 1662 et
332 1613 451 1662 illustrem
464 1615 618 1662 truculentus
629 1613 711 1662 caedit
721 1614 754 1662 ad
766 1630 849 1662 nrum:

194 1678 244 1727 Hie
255 1694 308 1728 sese
319 1679 421 1727 infernis
433 1679 464 1728 de
475 1679 586 1742 partibus
597 1680 671 1740 erigit
683 1679 779 1746 Hydra,

126 1795 209 1853 euius
223 1795 309 1872 longe
323 1814 428 1873 corpus
442 1802 486 1853 est
499 1796 607 1868 fusum,

192 1924 223 1972 In
234 1923 365 1986 medioque
377 1923 432 1972 sinu
441 1923 538 1985 fulgens
550 1923 655 1973 Cratera
666 1924 770 1974 relucet.

192 1989 339 2038 Extremum
352 1989 432 2037 nitens
443 1990 557 2050 plumato
569 2005 671 2052 corpore
684 1991 780 2039 Corvus

191 2054 282 2102 Rostro
294 2054 383 2114 tundit,
395 2065 421 2103 et
432 2055 472 2102 hic
485 2055 599 2104 Geminis
611 2064 648 2103 est
660 2055 700 2104 ille
713 2057 757 2103 snb
769 2056 829 2118 ipsis

190 2121 260 2168 Ante
274 2119 377 2181 Canem,
386 2119 508 2183 Προκύων
520 2120 596 2170 Graio
607 2121 651 2183 qni
662 2122 762 2170 nomine
773 2121 860 2172 fertur.

127 2241 194 2295 115.
212 2236 293 2295 Haeo
311 2237 406 2295 omnis
423 2236 580 2314 descriptio
602 2238 728 2295 siderum
745 2246 832 2316 atque
848 2239 895 2297 hie
912 2246 973 2298 tan-

125 2327 174 2374 tus
194 2316 264 2374 caeli
283 2325 400 2374 ornatus
417 2336 452 2374 ex
469 2318 637 2394 corporibus
653 2318 710 2376 huc
731 2326 760 2376 et
776 2319 843 2377 illue
860 2339 927 2377 casu
944 2328 973 2378 et

125 2404 233 2454 temere
247 2397 427 2455 cursantibus
438 2398 566 2474 potuisse
580 2397 654 2456 effici
665 2399 798 2476 cuiquam
814 2419 883 2457 sano
894 2401 971 2458 vide

125 2477 150 2534 ri
164 2479 279 2554 potesti
313 2477 375 2535 Aut
386 2497 453 2535 vero
468 2477 563 2554 aliqua
577 2486 679 2536 natura
692 2479 799 2538 mentis
812 2487 842 2536 et
852 2481 972 2538 rationis

125 2577 226 2634 expers
239 2557 309 2615 haee
323 2557 433 2615 efficere
448 2559 553 2634 potuit,
565 2577 636 2635 quae
650 2578 709 2616 non
723 2559 811 2616 medo
826 2566 859 2617 ut
869 2559 972 2618 fierent

124 2637 236 2696 ratione
250 2645 398 2715 eguerunt,
409 2637 459 2695 sed
470 2637 599 2715 intellegi
610 2639 704 2716 qualia
715 2639 773 2697 sint
784 2639 845 2697 siue
859 2659 972 2697 summa

125 2718 236 2775 ratione
252 2736 311 2775 non
326 2719 466 2795 possenti

165 2797 258 2856 XLV.
275 2797 336 2857 Nee
351 2817 418 2855 vero
435 2797 506 2856 haee
523 2798 616 2855 solnm
634 2798 821 2872 admirabilia,
834 2799 884 2857 sed
898 2799 970 2857 nihil

124 2878 218 2934 maius
235 2896 319 2955 quam
340 2877 418 2956 quod
435 2878 477 2936 ita
493 2878 603 2935 stabilis
625 2886 669 2936 est
685 2880 810 2937 mundus
828 2887 912 2956 atque
930 2881 971 2937 ita

125 2957 258 3015 cohaeret
269 2957 306 3014 ad
317 2958 553 3036 permanendum,
565 2965 597 3015 ut
607 2958 681 3016 nihil
692 2979 728 3017 ne
743 2960 899 3036 excogitari
911 2961 969 3037 qui·

124 3037 191 3095 dem
204 3038 295 3114 possit
305 3038 408 3116 aptius.
445 3038 553 3097 Omnes
567 3039 644 3095 enim
659 3045 753 3115 partes
768 3040 829 3096 eius
843 3039 970 3117 undique

124 3117 252 3174 medium
263 3118 357 3176 locum
367 3126 546 3196 capessentes
555 3118 687 3175 nituntur
695 3119 857 3196 aequaliter.
883 3119 970 3176 Maxi·

123 3217 171 3255 me
192 3206 288 3258 autem
310 3218 430 3277 corpora
449 3199 525 3257 inter
546 3217 575 3254 se
596 3197 695 3255 iuncta
710 3206 887 3275 permanent,
903 3218 968 3256 eum
