2242 3436
133 114 182 162 132
355 109 406 160 DE
422 109 572 160 NATURA
588 109 748 160 DEORUM.

132 211 210 270 vitiis
226 211 300 268 ratio
317 229 376 267 non
394 209 540 268 subessetl
580 210 695 268 XXIX.
715 211 816 269 Medea
835 213 925 270 modo
947 221 975 272 ct

131 292 239 349 Atreus
250 290 549 349 commemorabantur
559 309 576 347 a
585 290 679 362 nobis,
687 290 817 350 heroicae
827 312 975 369 personae,

132 373 204 429 inita
218 370 414 447 subductaque
428 371 537 428 ratione
551 370 662 428 nefaria
676 370 780 428 scelera
792 373 974 431 meditantes,

134 451 179 510 72.
198 451 294 520 Quidl
310 449 440 508 levitates
454 450 598 507 comicael
614 469 753 526 parumne
767 470 879 528 semper
889 453 920 510 in
934 472 977 509 ra-

132 533 211 589 tione
225 530 391 588 versanturl
422 529 567 588 Parumne
582 529 725 588 subtiliter
738 530 868 608 disputat
882 531 930 589 ille
944 532 976 590 in

132 611 292 670 Eunucho?

180 739 247 800 Quid
258 737 336 799 igitur
347 737 457 786 facicm?
475 772 790 787 .............

125 856 128 864 ,
181 805 303 864 Exclusit,
313 812 426 853 revocat:
446 802 564 852 redeam?
580 817 639 864 non,
651 803 672 851 si
682 817 723 852 mc
734 804 854 854 obsecret.

132 921 184 980 Ille
197 941 265 979 vero
282 921 313 978 in
328 920 509 999 Synephebis
522 920 762 979 Academicorum
779 941 859 980 more
876 930 977 980 contra

132 1020 315 1059 communem
330 1001 497 1078 opinionem
511 1020 570 1058 non
584 1000 699 1058 dubitat
713 1021 841 1078 pugnare
856 1002 975 1072 ratione,

133 1082 182 1159 qui
193 1084 225 1138 itt
233 1101 328 1138 amore
338 1101 449 1138 serame
459 1098 628 1154 summaque
636 1081 734 1155 inopia
745 1101 830 1138 suave
839 1101 894 1140 ease
905 1082 977 1139 dicit

181 1204 315 1252 Parentem
328 1203 419 1252 habere
431 1217 542 1261 avarum,
551 1202 687 1264 illepidum,
697 1203 723 1250 in
735 1203 826 1253 liberos

181 1269 324 1330 Difficilem,
335 1268 378 1331 qui
389 1276 414 1317 te
425 1283 471 1317 nec
483 1276 550 1316 amet
562 1282 608 1316 nec
620 1267 718 1316 studeat
730 1269 773 1319 tui.

134 1398 180 1457 73.
193 1398 292 1476 Atque
302 1396 370 1455 huic
381 1394 542 1454 incredibili
553 1395 711 1454 sententiae
724 1394 897 1455 ratiunculas
911 1416 977 1474 sug-

132 1479 223 1557 gerit:

182 1606 237 1655 Aut
248 1612 274 1653 tu
285 1605 355 1653 illum
368 1604 452 1652 fructu
463 1603 535 1652 fallas
546 1610 589 1651 ant
600 1617 644 1666 per
653 1603 748 1652 litteras

182 1673 289 1720 Avertns
300 1669 400 1731 aliquod
412 1684 503 1718 nomen
514 1676 557 1717 aut
569 1683 611 1730 pet·
623 1669 743 1717 servolum

182 1735 310 1784 l’crcutias
321 1735 452 1796 pavidum:
473 1741 597 1796 postremo
609 1749 625 1781 a
635 1749 709 1796 parco
721 1742 791 1796 patre

182 1799 256 1862 Quod
268 1814 351 1848 sumas
362 1808 456 1862 quanto
468 1800 580 1862 dissupas
591 1799 720 1848 libentius!

133 1917 273 1994 Idemque
289 1915 403 1973 facilem
421 1923 450 1973 et
466 1915 612 1973 liberalem
630 1922 741 1992 patrem
757 1915 976 1975 incommodum

134 2017 194 2056 esse
208 1997 316 2054 amanti
330 1995 390 2053 filio
404 1995 541 2073 disputat,

182 2124 262 2185 Quem
274 2138 354 2187 neque
365 2137 414 2184 quo
425 2130 497 2186 pacto
508 2122 593 2171 fallam
606 2137 686 2186 neque
696 2130 724 2170 ut
735 2122 793 2172 inde
806 2123 925 2186 auferam,

183 2191 236 2238 Nec
248 2204 323 2253 quem
335 2189 419 2237 dolum
432 2187 464 2236 ad
475 2203 533 2237 eum
545 2196 588 2236 aut
598 2188 741 2236 machinam
752 2189 906 2252 commoliar,

183 2256 240 2305 Scio
252 2255 400 2318 quidquam:
420 2254 456 2302 ita
468 2268 555 2302 omnes
567 2267 635 2301 meos
645 2253 722 2312 dolos,
732 2252 851 2316 fallacias,

182 2321 333 2381 Praestigias
343 2319 505 2384 praestrinxit
516 2317 681 2368 commoditas
692 2319 776 2382 patris.

135 2436 213 2507 Quid
221 2457 289 2515 ergo
298 2437 347 2495 isti
356 2435 423 2507 doli,
435 2436 504 2514 quid
515 2435 672 2508 machinae,
683 2435 753 2512 quid
761 2435 890 2495 fallaciae
898 2455 979 2514 prae-

135 2518 313 2596 stigiaequel
326 2536 396 2574 num
406 2517 467 2574 sine
475 2517 655 2575 rationeesse
664 2517 836 2592 potucmntl
863 2516 979 2594 Oprac-

135 2598 242 2656 clarnm
256 2617 361 2654 munus
375 2596 502 2668 deorum,
513 2604 546 2655 ut
560 2596 699 2654 Phormio
714 2597 807 2673 possit
820 2596 927 2655 dicere:

136 2725 206 2773 Cedo
217 2737 315 2772 senem:
334 2723 385 2771 iam
396 2723 518 2771 instructa
528 2731 585 2771 sunt
596 2723 631 2771 mi
642 2723 668 2771 in
681 2722 755 2772 eorde
766 2722 869 2773 consilia
882 2723 975 2773 omnia

136 2839 236 2896 XXX.
280 2837 325 2894 74.
344 2837 401 2894 Sed
418 2857 551 2896 exeamus
568 2840 718 2910 etheatro,
728 2841 877 2898 veniamus
890 2841 920 2898 in
934 2842 980 2899 fo

137 2937 210 2974 rum.
252 2915 367 2972 Sessum
381 2916 405 2973 it
418 2924 539 2993 praetor.
582 2919 659 2988 Quid
674 2928 706 2978 ut
719 2921 880 2979 iudiceturl
921 2920 980 2990 Qui

137 2993 309 3052 tabularium
324 2995 490 3054 incenderit.
526 2996 610 3066 Quod
625 3000 736 3057 facinus
750 3001 909 3059 occultius?
944 3001 981 3058 Id

139 3093 168 3131 se
180 3072 213 3141 Q.
225 3072 331 3144 Sosius,
339 3074 505 3150 splendidus
516 3095 602 3152 eques
612 3077 759 3136 Romanus
770 3100 804 3137 ex
818 3099 888 3157 agro
899 3080 981 3138 Pice·

139 3171 187 3218 nc,
202 3151 303 3208 fecisse
320 3153 468 3212 confessus
484 3160 535 3210 est.
574 3153 630 3221 Qui
645 3159 853 3233 transcripserit
866 3159 982 3218 tabulas
