<?xml version="1.0" encoding="UTF-8"?>
<!DOCTYPE html PUBLIC "-//W3C//DTD XHTML 1.0 Transitional//EN"
    "http://www.w3.org/TR/xhtml1/DTD/xhtml1-transitional.dtd">
<html xmlns="http://www.w3.org/1999/xhtml" xml:lang="en" lang="en">
 <head>
  <title>
</title>
<meta http-equiv="Content-Type" content="text/html;charset=utf-8" />
  <meta name='ocr-system' content='tesseract 3.04.00' />
  <meta name='ocr-capabilities' content='ocr_page ocr_carea ocr_par ocr_line ocrx_word'/>
</head>
<body>
  <div class='ocr_page' id='page_1' title='image "./mtulliiciceroni106cicegoog/mtulliiciceroni106cicegoog_0153.png"; bbox 0 0 2242 3436; ppageno 0'>
   <div class='ocr_carea' id='block_1_1' title="bbox 403 374 722 450">
    <p class='ocr_par' dir='ltr' id='par_1_1' title="bbox 403 374 722 450">
     <span class='ocr_line' id='line_1_1' title="bbox 403 374 722 450; baseline -0.003 -2"><span class='ocrx_word' id='word_1_1' title='bbox 403 374 722 450; x_wconf 82' lang='lat' dir='ltr'><strong>FRAGMENTA.</strong></span> 
     </span>
    </p>
   </div>
   <div class='ocr_carea' id='block_1_2' title="bbox 194 624 926 678">
    <p class='ocr_par' dir='ltr' id='par_1_2' title="bbox 194 624 926 678">
     <span class='ocr_line' id='line_1_2' title="bbox 194 624 926 678; baseline 0.003 -2"><span class='ocrx_word' id='word_1_2' title='bbox 194 627 243 676; x_wconf 86' lang='lat' dir='ltr'>EX</span> <span class='ocrx_word' id='word_1_3' title='bbox 259 624 369 675; x_wconf 86' lang='lat' dir='ltr'>LIBRO</span> <span class='ocrx_word' id='word_1_4' title='bbox 386 625 434 674; x_wconf 85' lang='lat' dir='ltr'>DE</span> <span class='ocrx_word' id='word_1_5' title='bbox 451 624 598 675; x_wconf 86' lang='lat' dir='ltr'>NATURA</span> <span class='ocrx_word' id='word_1_6' title='bbox 614 624 768 676; x_wconf 84' lang='lat' dir='ltr'>DEORUM</span> <span class='ocrx_word' id='word_1_7' title='bbox 785 626 926 678; x_wconf 85' lang='lat' dir='ltr'>TERTIO.</span> 
     </span>
    </p>
   </div>
   <div class='ocr_carea' id='block_1_3' title="bbox 141 729 985 1201">
    <p class='ocr_par' dir='ltr' id='par_1_3' title="bbox 141 729 985 1201">
     <span class='ocr_line' id='line_1_3' title="bbox 183 729 985 807; baseline 0.001 -19"><span class='ocrx_word' id='word_1_8' title='bbox 183 731 370 807; x_wconf 80' lang='lat' dir='ltr'>Intellegebat</span> <span class='ocrx_word' id='word_1_9' title='bbox 384 730 484 788; x_wconf 81' lang='lat' dir='ltr'>Cicero</span> <span class='ocrx_word' id='word_1_10' title='bbox 500 730 517 757; x_wconf 85' lang='lat'><strong>“</strong></span> <span class='ocrx_word' id='word_1_11' title='bbox 526 729 599 787; x_wconf 84' lang='lat' dir='ltr'>falsa</span> <span class='ocrx_word' id='word_1_12' title='bbox 613 750 672 788; x_wconf 87' lang='lat' dir='ltr'>esse</span> <span class='ocrx_word' id='word_1_13' title='bbox 688 750 759 807; x_wconf 87' lang='lat' dir='ltr'>quae</span> <span class='ocrx_word' id='word_1_14' title='bbox 773 730 904 788; x_wconf 90' lang='lat' dir='ltr'>homines</span> <span class='ocrx_word' id='word_1_15' title='bbox 918 733 985 789; x_wconf 80' lang='lat' dir='ltr'>ado</span> 
     </span>
     <span class='ocr_line' id='line_1_4' title="bbox 142 810 983 887; baseline -0.001 -18"><span class='ocrx_word' id='word_1_16' title='bbox 142 819 253 869; x_wconf 77' lang='lat' dir='ltr'>rorent:</span> <span class='ocrx_word' id='word_1_17' title='bbox 271 831 338 868; x_wconf 89' lang='lat' dir='ltr'>narn</span> <span class='ocrx_word' id='word_1_18' title='bbox 353 831 418 868; x_wconf 83' lang='lat' dir='ltr'>earn</span> <span class='ocrx_word' id='word_1_19' title='bbox 432 810 524 868; x_wconf 93' lang='lat' dir='ltr'>multa</span> <span class='ocrx_word' id='word_1_20' title='bbox 535 810 660 881; x_wconf 78' lang='lat' dir='ltr'>dixisset,</span> <span class='ocrx_word' id='word_1_21' title='bbox 672 829 743 887; x_wconf 85' lang='lat' dir='ltr'>quae</span> <span class='ocrx_word' id='word_1_22' title='bbox 757 811 794 868; x_wconf 88' lang='lat' dir='ltr'>ad</span> <span class='ocrx_word' id='word_1_23' title='bbox 808 812 983 869; x_wconf 86' lang='lat' dir='ltr'>eversionem</span> 
     </span>
     <span class='ocr_line' id='line_1_5' title="bbox 142 890 983 968; baseline 0 -20"><span class='ocrx_word' id='word_1_24' title='bbox 142 891 313 967; x_wconf 82' lang='lat' dir='ltr'>religionum</span> <span class='ocrx_word' id='word_1_25' title='bbox 329 891 480 960; x_wconf 87' lang='lat' dir='ltr'>valerent,&#39;&#39;</span> <span class='ocrx_word' id='word_1_26' title='bbox 495 891 536 949; x_wconf 88' lang='lat' dir='ltr'>ait</span> <span class='ocrx_word' id='word_1_27' title='bbox 550 897 646 947; x_wconf 88' lang='lat' dir='ltr'>tamen</span> <span class='ocrx_word' id='word_1_28' title='bbox 663 891 679 917; x_wconf 86' lang='lat'><strong>“</strong></span> <span class='ocrx_word' id='word_1_29' title='bbox 690 910 749 946; x_wconf 93' lang='lat' dir='ltr'>non</span> <span class='ocrx_word' id='word_1_30' title='bbox 764 910 824 948; x_wconf 89' lang='lat' dir='ltr'>esse</span> <span class='ocrx_word' id='word_1_31' title='bbox 838 890 886 948; x_wconf 90' lang='lat' dir='ltr'>illa</span> <span class='ocrx_word' id='word_1_32' title='bbox 896 891 983 968; x_wconf 85' lang='lat' dir='ltr'>vulgo</span> 
     </span>
     <span class='ocr_line' id='line_1_6' title="bbox 142 969 984 1049; baseline 0 -21"><span class='ocrx_word' id='word_1_33' title='bbox 142 971 322 1048; x_wconf 88' lang='lat' dir='ltr'>disputanda,</span> <span class='ocrx_word' id='word_1_34' title='bbox 335 990 371 1028; x_wconf 86' lang='lat' dir='ltr'>ne</span> <span class='ocrx_word' id='word_1_35' title='bbox 392 978 537 1047; x_wconf 87' lang='lat' dir='ltr'>susceptas</span> <span class='ocrx_word' id='word_1_36' title='bbox 553 970 666 1046; x_wconf 88' lang='lat' dir='ltr'>publice</span> <span class='ocrx_word' id='word_1_37' title='bbox 685 969 837 1046; x_wconf 78' lang='lat' dir='ltr'>religiones</span> <span class='ocrx_word' id='word_1_38' title='bbox 858 971 984 1049; x_wconf 86' lang='lat' dir='ltr'>disputa·</span> 
     </span>
     <span class='ocr_line' id='line_1_7' title="bbox 141 1049 982 1127; baseline 0.002 -20"><span class='ocrx_word' id='word_1_39' title='bbox 141 1051 184 1107; x_wconf 91' lang='lat' dir='ltr'>tio</span> <span class='ocrx_word' id='word_1_40' title='bbox 205 1051 270 1108; x_wconf 92' lang='lat' dir='ltr'>talis</span> <span class='ocrx_word' id='word_1_41' title='bbox 293 1050 483 1127; x_wconf 79' lang='lat' dir='ltr'>exstinguat.&#39;’</span> <span class='ocrx_word' id='word_1_42' title='bbox 537 1049 703 1107; x_wconf 85' lang='lat' dir='ltr'>Lactantius</span> <span class='ocrx_word' id='word_1_43' title='bbox 723 1050 792 1108; x_wconf 87' lang='lat' dir='ltr'>div.</span> <span class='ocrx_word' id='word_1_44' title='bbox 805 1051 917 1123; x_wconf 74' lang='lat' dir='ltr'>insta,</span> <span class='ocrx_word' id='word_1_45' title='bbox 933 1051 982 1109; x_wconf 91' lang='lat' dir='ltr'>lib.</span> 
     </span>
     <span class='ocr_line' id='line_1_8' title="bbox 142 1129 267 1201; baseline 0.016 -15"><span class='ocrx_word' id='word_1_46' title='bbox 142 1129 191 1201; x_wconf 86' lang='lat' dir='ltr'>IL,</span> <span class='ocrx_word' id='word_1_47' title='bbox 205 1151 227 1188; x_wconf 88' lang='lat' dir='ltr'>a.</span> <span class='ocrx_word' id='word_1_48' title='bbox 242 1138 267 1188; x_wconf 91' lang='lat'>3.</span> 
     </span>
    </p>
   </div>
   <div class='ocr_carea' id='block_1_4' title="bbox 130 1251 985 2123">
    <p class='ocr_par' dir='ltr' id='par_1_4' title="bbox 130 1251 985 2123">
     <span class='ocr_line' id='line_1_9' title="bbox 182 1251 984 1329; baseline -0.001 -18"><span class='ocrx_word' id='word_1_49' title='bbox 182 1254 281 1311; x_wconf 85' lang='lat' dir='ltr'>Cicero</span> <span class='ocrx_word' id='word_1_50' title='bbox 297 1254 332 1311; x_wconf 90' lang='lat' dir='ltr'>de</span> <span class='ocrx_word' id='word_1_51' title='bbox 347 1260 448 1310; x_wconf 88' lang='lat' dir='ltr'>natura</span> <span class='ocrx_word' id='word_1_52' title='bbox 461 1253 578 1310; x_wconf 86' lang='lat' dir='ltr'>deornm</span> <span class='ocrx_word' id='word_1_53' title='bbox 598 1251 747 1329; x_wconf 89' lang='lat' dir='ltr'>disputans</span> <span class='ocrx_word' id='word_1_54' title='bbox 762 1253 801 1310; x_wconf 86' lang='lat' dir='ltr'>sic</span> <span class='ocrx_word' id='word_1_55' title='bbox 816 1253 872 1311; x_wconf 87' lang='lat' dir='ltr'>ait:</span> <span class='ocrx_word' id='word_1_56' title='bbox 895 1254 912 1281; x_wconf 85' lang='lat'><strong>“</strong></span> <span class='ocrx_word' id='word_1_57' title='bbox 922 1253 984 1310; x_wconf 93' lang='lat' dir='ltr'>Pri-</span> 
     </span>
     <span class='ocr_line' id='line_1_10' title="bbox 142 1331 982 1411; baseline 0 -21"><span class='ocrx_word' id='word_1_58' title='bbox 142 1354 221 1390; x_wconf 89' lang='lat' dir='ltr'>mam</span> <span class='ocrx_word' id='word_1_59' title='bbox 236 1335 324 1411; x_wconf 80' lang='lat' dir='ltr'>igitur</span> <span class='ocrx_word' id='word_1_60' title='bbox 338 1353 396 1390; x_wconf 92' lang='lat' dir='ltr'>non</span> <span class='ocrx_word' id='word_1_61' title='bbox 411 1341 454 1390; x_wconf 88' lang='lat' dir='ltr'>est</span> <span class='ocrx_word' id='word_1_62' title='bbox 469 1331 615 1409; x_wconf 84' lang='lat' dir='ltr'>probabile</span> <span class='ocrx_word' id='word_1_63' title='bbox 633 1352 695 1389; x_wconf 88' lang='lat' dir='ltr'>eam</span> <span class='ocrx_word' id='word_1_64' title='bbox 712 1334 860 1390; x_wconf 86' lang='lat' dir='ltr'>materiam</span> <span class='ocrx_word' id='word_1_65' title='bbox 878 1353 982 1404; x_wconf 89' lang='lat' dir='ltr'>reram,</span> 
     </span>
     <span class='ocr_line' id='line_1_11' title="bbox 130 1413 985 1490; baseline 0.001 -20"><span class='ocrx_word' id='word_1_66' title='bbox 130 1415 217 1472; x_wconf 76' lang='lat' dir='ltr'>‚ande</span> <span class='ocrx_word' id='word_1_67' title='bbox 235 1422 298 1472; x_wconf 89' lang='lat' dir='ltr'>orta</span> <span class='ocrx_word' id='word_1_68' title='bbox 314 1422 381 1471; x_wconf 89' lang='lat' dir='ltr'>sunt</span> <span class='ocrx_word' id='word_1_69' title='bbox 398 1414 503 1482; x_wconf 90' lang='lat' dir='ltr'>omnia,</span> <span class='ocrx_word' id='word_1_70' title='bbox 516 1432 575 1470; x_wconf 89' lang='lat' dir='ltr'>esse</span> <span class='ocrx_word' id='word_1_71' title='bbox 593 1413 691 1470; x_wconf 85' lang='lat' dir='ltr'>divina</span> <span class='ocrx_word' id='word_1_72' title='bbox 704 1413 884 1490; x_wconf 84' lang='lat' dir='ltr'>providentia</span> <span class='ocrx_word' id='word_1_73' title='bbox 901 1415 985 1471; x_wconf 84' lang='lat' dir='ltr'>effoc-</span> 
     </span>
     <span class='ocr_line' id='line_1_12' title="bbox 140 1492 980 1563; baseline 0.001 -13"><span class='ocrx_word' id='word_1_74' title='bbox 140 1503 209 1563; x_wconf 84' lang='lat' dir='ltr'>tam‚</span> <span class='ocrx_word' id='word_1_75' title='bbox 222 1495 272 1552; x_wconf 87' lang='lat' dir='ltr'>sod</span> <span class='ocrx_word' id='word_1_76' title='bbox 288 1494 393 1551; x_wconf 90' lang='lat' dir='ltr'>habere</span> <span class='ocrx_word' id='word_1_77' title='bbox 413 1502 442 1551; x_wconf 85' lang='lat' dir='ltr'>et</span> <span class='ocrx_word' id='word_1_78' title='bbox 459 1493 591 1550; x_wconf 80' lang='lat' dir='ltr'>habuisse</span> <span class='ocrx_word' id='word_1_79' title='bbox 609 1492 667 1548; x_wconf 93' lang='lat' dir='ltr'>vim</span> <span class='ocrx_word' id='word_1_80' title='bbox 689 1501 718 1550; x_wconf 90' lang='lat' dir='ltr'>et</span> <span class='ocrx_word' id='word_1_81' title='bbox 739 1500 869 1550; x_wconf 87' lang='lat' dir='ltr'>naturam</span> <span class='ocrx_word' id='word_1_82' title='bbox 891 1514 980 1552; x_wconf 88' lang='lat' dir='ltr'>snam.</span> 
     </span>
     <span class='ocr_line' id='line_1_13' title="bbox 142 1572 983 1651; baseline -0.001 -20"><span class='ocrx_word' id='word_1_83' title='bbox 142 1575 185 1632; x_wconf 90' lang='lat' dir='ltr'>Ut</span> <span class='ocrx_word' id='word_1_84' title='bbox 198 1575 286 1651; x_wconf 83' lang='lat' dir='ltr'>igitur</span> <span class='ocrx_word' id='word_1_85' title='bbox 300 1573 389 1644; x_wconf 78' lang='lat' dir='ltr'>faber,</span> <span class='ocrx_word' id='word_1_86' title='bbox 402 1593 467 1630; x_wconf 91' lang='lat' dir='ltr'>cnm</span> <span class='ocrx_word' id='word_1_87' title='bbox 485 1573 555 1650; x_wconf 91' lang='lat' dir='ltr'>qnid</span> <span class='ocrx_word' id='word_1_88' title='bbox 569 1572 768 1630; x_wconf 87' lang='lat' dir='ltr'>aedificaturus</span> <span class='ocrx_word' id='word_1_89' title='bbox 785 1581 835 1640; x_wconf 85' lang='lat' dir='ltr'>est,</span> <span class='ocrx_word' id='word_1_90' title='bbox 848 1593 906 1630; x_wconf 92' lang='lat' dir='ltr'>non</span> <span class='ocrx_word' id='word_1_91' title='bbox 920 1575 983 1650; x_wconf 90' lang='lat' dir='ltr'>ipse</span> 
     </span>
     <span class='ocr_line' id='line_1_14' title="bbox 140 1653 984 1729; baseline 0 -19"><span class='ocrx_word' id='word_1_92' title='bbox 140 1654 212 1711; x_wconf 85' lang='lat' dir='ltr'>facit</span> <span class='ocrx_word' id='word_1_93' title='bbox 228 1654 385 1724; x_wconf 80' lang='lat' dir='ltr'>materiam,</span> <span class='ocrx_word' id='word_1_94' title='bbox 399 1654 448 1710; x_wconf 88' lang='lat' dir='ltr'>sed</span> <span class='ocrx_word' id='word_1_95' title='bbox 466 1673 498 1710; x_wconf 89' lang='lat' dir='ltr'>ea</span> <span class='ocrx_word' id='word_1_96' title='bbox 515 1653 613 1721; x_wconf 86' lang='lat' dir='ltr'>utitur,</span> <span class='ocrx_word' id='word_1_97' title='bbox 627 1672 699 1729; x_wconf 86' lang='lat' dir='ltr'>qnae</span> <span class='ocrx_word' id='word_1_98' title='bbox 717 1654 754 1710; x_wconf 91' lang='lat' dir='ltr'>sit</span> <span class='ocrx_word' id='word_1_99' title='bbox 770 1661 876 1729; x_wconf 88' lang='lat' dir='ltr'>parata,</span> <span class='ocrx_word' id='word_1_100' title='bbox 889 1653 984 1710; x_wconf 85' lang='lat' dir='ltr'>lietar-</span> 
     </span>
     <span class='ocr_line' id='line_1_15' title="bbox 142 1732 982 1810; baseline 0.002 -22"><span class='ocrx_word' id='word_1_101' title='bbox 142 1754 196 1810; x_wconf 87' lang='lat' dir='ltr'>qne</span> <span class='ocrx_word' id='word_1_102' title='bbox 211 1733 281 1790; x_wconf 90' lang='lat' dir='ltr'>item</span> <span class='ocrx_word' id='word_1_103' title='bbox 296 1753 366 1804; x_wconf 88' lang='lat' dir='ltr'>cera,</span> <span class='ocrx_word' id='word_1_104' title='bbox 379 1734 419 1790; x_wconf 87' lang='lat' dir='ltr'>sio</span> <span class='ocrx_word' id='word_1_105' title='bbox 434 1734 481 1790; x_wconf 85' lang='lat' dir='ltr'>isti</span> <span class='ocrx_word' id='word_1_106' title='bbox 495 1733 692 1810; x_wconf 85' lang='lat' dir='ltr'>providentiae</span> <span class='ocrx_word' id='word_1_107' title='bbox 707 1732 819 1789; x_wconf 86' lang='lat' dir='ltr'>divinae</span> <span class='ocrx_word' id='word_1_108' title='bbox 833 1734 982 1790; x_wconf 76' lang='lat' dir='ltr'>materiam</span> 
     </span>
     <span class='ocr_line' id='line_1_16' title="bbox 141 1813 984 1890; baseline 0.001 -21"><span class='ocrx_word' id='word_1_109' title='bbox 141 1819 254 1890; x_wconf 89' lang='lat' dir='ltr'>praesto</span> <span class='ocrx_word' id='word_1_110' title='bbox 279 1833 338 1870; x_wconf 87' lang='lat' dir='ltr'>esse</span> <span class='ocrx_word' id='word_1_111' title='bbox 363 1814 499 1890; x_wconf 82' lang='lat' dir='ltr'>oportuit,</span> <span class='ocrx_word' id='word_1_112' title='bbox 518 1831 576 1869; x_wconf 92' lang='lat' dir='ltr'>non</span> <span class='ocrx_word' id='word_1_113' title='bbox 602 1832 688 1888; x_wconf 86' lang='lat' dir='ltr'>qaam</span> <span class='ocrx_word' id='word_1_114' title='bbox 713 1813 774 1890; x_wconf 90' lang='lat' dir='ltr'>ipse</span> <span class='ocrx_word' id='word_1_115' title='bbox 799 1813 912 1884; x_wconf 76' lang='lat' dir='ltr'>faceret,</span> <span class='ocrx_word' id='word_1_116' title='bbox 932 1814 984 1870; x_wconf 91' lang='lat' dir='ltr'>sed</span> 
     </span>
     <span class='ocr_line' id='line_1_17' title="bbox 141 1891 985 1970; baseline 0.001 -21"><span class='ocrx_word' id='word_1_117' title='bbox 141 1913 226 1970; x_wconf 93' lang='lat' dir='ltr'>qnam</span> <span class='ocrx_word' id='word_1_118' title='bbox 242 1892 359 1950; x_wconf 89' lang='lat' dir='ltr'>haberet</span> <span class='ocrx_word' id='word_1_119' title='bbox 372 1900 508 1969; x_wconf 89' lang='lat' dir='ltr'>paratam.</span> <span class='ocrx_word' id='word_1_120' title='bbox 551 1891 637 1960; x_wconf 79' lang='lat' dir='ltr'>Quod</span> <span class='ocrx_word' id='word_1_121' title='bbox 652 1893 675 1948; x_wconf 90' lang='lat' dir='ltr'>si</span> <span class='ocrx_word' id='word_1_122' title='bbox 689 1912 747 1949; x_wconf 91' lang='lat' dir='ltr'>non</span> <span class='ocrx_word' id='word_1_123' title='bbox 766 1899 808 1950; x_wconf 89' lang='lat' dir='ltr'>est</span> <span class='ocrx_word' id='word_1_124' title='bbox 822 1912 839 1949; x_wconf 88' lang='lat' dir='ltr'>a</span> <span class='ocrx_word' id='word_1_125' title='bbox 853 1893 907 1950; x_wconf 90' lang='lat' dir='ltr'>deo</span> <span class='ocrx_word' id='word_1_126' title='bbox 924 1912 985 1950; x_wconf 92' lang='lat' dir='ltr'>ma-</span> 
     </span>
     <span class='ocr_line' id='line_1_18' title="bbox 140 1972 985 2050; baseline 0 -20"><span class='ocrx_word' id='word_1_127' title='bbox 140 1973 213 2030; x_wconf 88' lang='lat' dir='ltr'>teria</span> <span class='ocrx_word' id='word_1_128' title='bbox 225 1973 310 2043; x_wconf 85' lang='lat' dir='ltr'>faeta,</span> <span class='ocrx_word' id='word_1_129' title='bbox 322 1992 358 2030; x_wconf 91' lang='lat' dir='ltr'>ne</span> <span class='ocrx_word' id='word_1_130' title='bbox 373 1981 447 2030; x_wconf 86' lang='lat' dir='ltr'>terra</span> <span class='ocrx_word' id='word_1_131' title='bbox 461 1972 576 2049; x_wconf 88' lang='lat' dir='ltr'>quidem</span> <span class='ocrx_word' id='word_1_132' title='bbox 595 1978 624 2029; x_wconf 91' lang='lat' dir='ltr'>et</span> <span class='ocrx_word' id='word_1_133' title='bbox 638 1991 712 2048; x_wconf 88' lang='lat' dir='ltr'>aqna</span> <span class='ocrx_word' id='word_1_134' title='bbox 728 1981 757 2029; x_wconf 90' lang='lat' dir='ltr'>et</span> <span class='ocrx_word' id='word_1_135' title='bbox 770 1980 820 2029; x_wconf 75' lang='lat' dir='ltr'>abr</span> <span class='ocrx_word' id='word_1_136' title='bbox 833 1981 862 2030; x_wconf 90' lang='lat' dir='ltr'>et</span> <span class='ocrx_word' id='word_1_137' title='bbox 876 1973 951 2050; x_wconf 82' lang='lat' dir='ltr'>ignis</span> <span class='ocrx_word' id='word_1_138' title='bbox 966 1993 985 2030; x_wconf 87' lang='lat' dir='ltr'>a</span> 
     </span>
     <span class='ocr_line' id='line_1_19' title="bbox 141 2051 733 2123; baseline 0 -13"><span class='ocrx_word' id='word_1_139' title='bbox 141 2053 195 2110; x_wconf 89' lang='lat' dir='ltr'>deo</span> <span class='ocrx_word' id='word_1_140' title='bbox 209 2053 303 2110; x_wconf 83' lang='lat' dir='ltr'>factus</span> <span class='ocrx_word' id='word_1_141' title='bbox 318 2052 388 2110; x_wconf 86' lang='lat' dir='ltr'>est.’&#39;</span> <span class='ocrx_word' id='word_1_142' title='bbox 431 2052 512 2109; x_wconf 80' lang='lat' dir='ltr'>idem</span> <span class='ocrx_word' id='word_1_143' title='bbox 527 2052 596 2109; x_wconf 85' lang='lat' dir='ltr'>ibid.</span> <span class='ocrx_word' id='word_1_144' title='bbox 609 2051 657 2123; x_wconf 94' lang='lat' dir='ltr'>Il.,</span> <span class='ocrx_word' id='word_1_145' title='bbox 670 2072 693 2110; x_wconf 90' lang='lat' dir='ltr'>o.</span> <span class='ocrx_word' id='word_1_146' title='bbox 707 2058 733 2110; x_wconf 89' lang='grc'>8.</span> 
     </span>
    </p>
   </div>
   <div class='ocr_carea' id='block_1_5' title="bbox 140 2179 986 3213">
    <p class='ocr_par' dir='ltr' id='par_1_5' title="bbox 140 2179 986 3213">
     <span class='ocr_line' id='line_1_20' title="bbox 178 2179 982 2253; baseline 0 -17"><span class='ocrx_word' id='word_1_147' title='bbox 178 2180 309 2237; x_wconf 70' lang='lat' dir='ltr'>Aristaei.</span> <span class='ocrx_word' id='word_1_148' title='bbox 321 2224 327 2237; x_wconf 91' lang='lat'>.</span> <span class='ocrx_word' id='word_1_149' title='bbox 339 2224 345 2237; x_wconf 92' lang='lat'><strong>.</strong></span> <span class='ocrx_word' id='word_1_150' title='bbox 352 2180 483 2253; x_wconf 79' lang='lat' dir='ltr'>primam</span> <span class='ocrx_word' id='word_1_151' title='bbox 493 2179 543 2234; x_wconf 80' lang='lat' dir='ltr'>ltoc</span> <span class='ocrx_word' id='word_1_152' title='bbox 553 2187 587 2235; x_wconf 89' lang='lat' dir='ltr'>at</span> <span class='ocrx_word' id='word_1_153' title='bbox 598 2180 745 2235; x_wconf 82' lang='lat' dir='ltr'>credamne</span> <span class='ocrx_word' id='word_1_154' title='bbox 755 2199 811 2235; x_wconf 88' lang='lat' dir='ltr'>non</span> <span class='ocrx_word' id='word_1_155' title='bbox 817 2197 982 2252; x_wconf 82' lang='lat' dir='ltr'>possamus,</span> 
     </span>
     <span class='ocr_line' id='line_1_21' title="bbox 140 2259 985 2332; baseline -0.002 -16"><span class='ocrx_word' id='word_1_156' title='bbox 140 2261 330 2317; x_wconf 79' lang='lat' dir='ltr'>immortalem</span> <span class='ocrx_word' id='word_1_157' title='bbox 344 2261 427 2316; x_wconf 88' lang='lat' dir='ltr'>illam</span> <span class='ocrx_word' id='word_1_158' title='bbox 438 2259 773 2332; x_wconf 74' lang='lat' dir='ltr'>praestantissimamque</span> <span class='ocrx_word' id='word_1_159' title='bbox 788 2269 925 2315; x_wconf 83' lang='lat' dir='ltr'>naturam</span> <span class='ocrx_word' id='word_1_160' title='bbox 939 2261 985 2315; x_wconf 90' lang='lat' dir='ltr'>ali-</span> 
     </span>
     <span class='ocr_line' id='line_1_22' title="bbox 140 2343 985 2413; baseline -0.001 -17"><span class='ocrx_word' id='word_1_161' title='bbox 140 2343 231 2398; x_wconf 85' lang='lat' dir='ltr'>nisam</span> <span class='ocrx_word' id='word_1_162' title='bbox 245 2360 299 2397; x_wconf 89' lang='lat' dir='ltr'>esse</span> <span class='ocrx_word' id='word_1_163' title='bbox 308 2360 362 2413; x_wconf 78' lang='lat' dir='ltr'>per</span> <span class='ocrx_word' id='word_1_164' title='bbox 376 2359 456 2396; x_wconf 84' lang='lat' dir='ltr'>serras</span> <span class='ocrx_word' id='word_1_165' title='bbox 470 2347 496 2395; x_wconf 94' lang='lat' dir='ltr'>et</span> <span class='ocrx_word' id='word_1_166' title='bbox 509 2358 564 2396; x_wconf 87' lang='lat' dir='ltr'>esse</span> <span class='ocrx_word' id='word_1_167' title='bbox 572 2347 686 2412; x_wconf 81' lang='lat' dir='ltr'>partem</span> <span class='ocrx_word' id='word_1_168' title='bbox 701 2359 790 2395; x_wconf 87' lang='lat' dir='ltr'>anam</span> <span class='ocrx_word' id='word_1_169' title='bbox 805 2359 903 2409; x_wconf 87' lang='lat' dir='ltr'>maras,</span> <span class='ocrx_word' id='word_1_170' title='bbox 910 2355 985 2412; x_wconf 80' lang='lat' dir='ltr'>par-</span> 
     </span>
     <span class='ocr_line' id='line_1_23' title="bbox 142 2419 985 2493; baseline -0.001 -16"><span class='ocrx_word' id='word_1_171' title='bbox 142 2430 194 2478; x_wconf 89' lang='lat' dir='ltr'>tem</span> <span class='ocrx_word' id='word_1_172' title='bbox 205 2439 260 2478; x_wconf 88' lang='lat' dir='ltr'>esse</span> <span class='ocrx_word' id='word_1_173' title='bbox 273 2422 394 2476; x_wconf 85' lang='lat' dir='ltr'>alteram</span> <span class='ocrx_word' id='word_1_174' title='bbox 397 2420 533 2493; x_wconf 86' lang='lat' dir='ltr'>feminas.</span> <span class='ocrx_word' id='word_1_175' title='bbox 572 2419 661 2491; x_wconf 76' lang='lat' dir='ltr'>Quem</span> <span class='ocrx_word' id='word_1_176' title='bbox 674 2421 787 2493; x_wconf 81' lang='lat' dir='ltr'>quidem</span> <span class='ocrx_word' id='word_1_177' title='bbox 800 2420 891 2475; x_wconf 86' lang='lat' dir='ltr'>locam</span> <span class='ocrx_word' id='word_1_178' title='bbox 898 2421 985 2492; x_wconf 81' lang='lat' dir='ltr'>plene</span> 
     </span>
     <span class='ocr_line' id='line_1_24' title="bbox 140 2499 986 2573; baseline -0.002 -16"><span class='ocrx_word' id='word_1_179' title='bbox 140 2503 199 2557; x_wconf 85' lang='lat' dir='ltr'>iam</span> <span class='ocrx_word' id='word_1_180' title='bbox 216 2502 329 2557; x_wconf 85' lang='lat' dir='ltr'>dadam</span> <span class='ocrx_word' id='word_1_181' title='bbox 346 2501 472 2556; x_wconf 80' lang='lat' dir='ltr'>laminas</span> <span class='ocrx_word' id='word_1_182' title='bbox 485 2500 608 2573; x_wconf 83' lang='lat' dir='ltr'>pectoris</span> <span class='ocrx_word' id='word_1_183' title='bbox 627 2501 684 2556; x_wconf 83' lang='lat' dir='ltr'>vivi</span> <span class='ocrx_word' id='word_1_184' title='bbox 703 2508 761 2556; x_wconf 90' lang='lat' dir='ltr'>tam</span> <span class='ocrx_word' id='word_1_185' title='bbox 778 2499 919 2556; x_wconf 83' lang='lat' dir='ltr'>Romanis</span> <span class='ocrx_word' id='word_1_186' title='bbox 937 2500 986 2555; x_wconf 80' lang='lat' dir='ltr'>lit-</span> 
     </span>
     <span class='ocr_line' id='line_1_25' title="bbox 141 2579 982 2654; baseline -0.001 -17"><span class='ocrx_word' id='word_1_187' title='bbox 141 2582 207 2638; x_wconf 90' lang='lat' dir='ltr'>teris</span> <span class='ocrx_word' id='word_1_188' title='bbox 217 2582 385 2654; x_wconf 72' lang='lat' dir='ltr'>explicavere</span> <span class='ocrx_word' id='word_1_189' title='bbox 397 2599 484 2654; x_wconf 83' lang='lat' dir='ltr'>qnam</span> <span class='ocrx_word' id='word_1_190' title='bbox 500 2580 623 2651; x_wconf 74' lang='lat' dir='ltr'>Graecis,</span> <span class='ocrx_word' id='word_1_191' title='bbox 632 2589 657 2637; x_wconf 91' lang='lat' dir='ltr'>et</span> <span class='ocrx_word' id='word_1_192' title='bbox 668 2589 733 2637; x_wconf 88' lang='lat' dir='ltr'>ante</span> <span class='ocrx_word' id='word_1_193' title='bbox 743 2599 837 2637; x_wconf 88' lang='lat' dir='ltr'>omnes</span> <span class='ocrx_word' id='word_1_194' title='bbox 852 2579 982 2650; x_wconf 81' lang='lat' dir='ltr'>Tallias,</span> 
     </span>
     <span class='ocr_line' id='line_1_26' title="bbox 141 2660 985 2734; baseline -0.002 -18"><span class='ocrx_word' id='word_1_195' title='bbox 141 2662 266 2716; x_wconf 79' lang='lat' dir='ltr'>Remeat</span> <span class='ocrx_word' id='word_1_196' title='bbox 283 2661 487 2716; x_wconf 84' lang='lat' dir='ltr'>disertissimus</span> <span class='ocrx_word' id='word_1_197' title='bbox 502 2662 619 2734; x_wconf 70' lang='lat' dir='ltr'>aenaria,</span> <span class='ocrx_word' id='word_1_198' title='bbox 631 2662 745 2717; x_wconf 85' lang='lat' dir='ltr'>nnllam</span> <span class='ocrx_word' id='word_1_199' title='bbox 763 2661 869 2716; x_wconf 84' lang='lat' dir='ltr'>ceritas</span> <span class='ocrx_word' id='word_1_200' title='bbox 885 2660 985 2732; x_wconf 78' lang='lat' dir='ltr'>impie-</span> 
     </span>
     <span class='ocr_line' id='line_1_27' title="bbox 142 2740 985 2814; baseline 0.001 -19"><span class='ocrx_word' id='word_1_201' title='bbox 142 2742 208 2796; x_wconf 88' lang='lat' dir='ltr'>tatis</span> <span class='ocrx_word' id='word_1_202' title='bbox 219 2740 369 2811; x_wconf 82' lang='lat' dir='ltr'>invidiam,</span> <span class='ocrx_word' id='word_1_203' title='bbox 379 2741 505 2813; x_wconf 65' lang='lat' dir='ltr'>incanae,</span> <span class='ocrx_word' id='word_1_204' title='bbox 518 2748 675 2797; x_wconf 79' lang='lat' dir='ltr'>constanter</span> <span class='ocrx_word' id='word_1_205' title='bbox 686 2749 711 2797; x_wconf 92' lang='lat' dir='ltr'>et</span> <span class='ocrx_word' id='word_1_206' title='bbox 723 2741 805 2797; x_wconf 86' lang='lat' dir='ltr'>libere</span> <span class='ocrx_word' id='word_1_207' title='bbox 816 2741 887 2814; x_wconf 82' lang='lat' dir='ltr'>qnid</span> <span class='ocrx_word' id='word_1_208' title='bbox 897 2759 985 2812; x_wconf 82' lang='lat' dir='ltr'>snper</span> 
     </span>
     <span class='ocr_line' id='line_1_28' title="bbox 142 2819 983 2894; baseline 0.005 -20"><span class='ocrx_word' id='word_1_209' title='bbox 142 2821 195 2874; x_wconf 88' lang='lat' dir='ltr'>tali</span> <span class='ocrx_word' id='word_1_210' title='bbox 209 2819 339 2892; x_wconf 80' lang='lat' dir='ltr'>opinione</span> <span class='ocrx_word' id='word_1_211' title='bbox 353 2822 466 2877; x_wconf 84' lang='lat' dir='ltr'>sentiret</span> <span class='ocrx_word' id='word_1_212' title='bbox 475 2822 582 2894; x_wconf 81' lang='lat' dir='ltr'>pietate</span> <span class='ocrx_word' id='word_1_213' title='bbox 599 2840 663 2876; x_wconf 88' lang='lat' dir='ltr'>cam</span> <span class='ocrx_word' id='word_1_214' title='bbox 680 2822 785 2876; x_wconf 89' lang='lat' dir='ltr'>maiore</span> <span class='ocrx_word' id='word_1_215' title='bbox 803 2821 983 2878; x_wconf 82' lang='lat' dir='ltr'>monstravit.</span> 
     </span>
     <span class='ocr_line' id='line_1_29' title="bbox 141 2899 985 2974; baseline 0.001 -19"><span class='ocrx_word' id='word_1_216' title='bbox 141 2899 170 2955; x_wconf 82' lang='lat' dir='ltr'><em>A</em></span> <span class='ocrx_word' id='word_1_217' title='bbox 188 2917 243 2971; x_wconf 86' lang='lat' dir='ltr'>qao</span> <span class='ocrx_word' id='word_1_218' title='bbox 260 2901 343 2956; x_wconf 85' lang='lat' dir='ltr'>sires</span> <span class='ocrx_word' id='word_1_219' title='bbox 359 2921 466 2957; x_wconf 88' lang='lat' dir='ltr'>snmere</span> <span class='ocrx_word' id='word_1_220' title='bbox 483 2902 585 2957; x_wconf 87' lang='lat' dir='ltr'>indicii</span> <span class='ocrx_word' id='word_1_221' title='bbox 602 2901 717 2956; x_wconf 85' lang='lat' dir='ltr'>veritate</span> <span class='ocrx_word' id='word_1_222' title='bbox 734 2901 913 2974; x_wconf 79' lang='lat' dir='ltr'>conscriptas,</span> <span class='ocrx_word' id='word_1_223' title='bbox 926 2920 985 2956; x_wconf 90' lang='lat' dir='ltr'>non</span> 
     </span>
     <span class='ocr_line' id='line_1_30' title="bbox 141 2979 985 3053; baseline 0.002 -19"><span class='ocrx_word' id='word_1_224' title='bbox 141 2979 288 3034; x_wconf 82' lang='lat' dir='ltr'>verboram</span> <span class='ocrx_word' id='word_1_225' title='bbox 303 2981 473 3037; x_wconf 76' lang='lat' dir='ltr'>insolentias</span> <span class='ocrx_word' id='word_1_226' title='bbox 479 2980 640 3053; x_wconf 72' lang='lat' dir='ltr'>peryeretis,</span> <span class='ocrx_word' id='word_1_227' title='bbox 648 2989 783 3053; x_wconf 83' lang='lat' dir='ltr'>perorata</span> <span class='ocrx_word' id='word_1_228' title='bbox 798 2989 865 3036; x_wconf 89' lang='lat' dir='ltr'>essct</span> <span class='ocrx_word' id='word_1_229' title='bbox 879 2987 904 3036; x_wconf 91' lang='lat' dir='ltr'>et</span> <span class='ocrx_word' id='word_1_230' title='bbox 916 2981 985 3036; x_wconf 75' lang='lat' dir='ltr'>llaec</span> 
     </span>
     <span class='ocr_line' id='line_1_31' title="bbox 141 3060 985 3129; baseline 0.001 -16"><span class='ocrx_word' id='word_1_231' title='bbox 141 3077 228 3114; x_wconf 87' lang='lat' dir='ltr'>caasa</span> <span class='ocrx_word' id='word_1_232' title='bbox 248 3077 295 3114; x_wconf 90' lang='lat' dir='ltr'>nec</span> <span class='ocrx_word' id='word_1_233' title='bbox 317 3061 459 3128; x_wconf 86' lang='lat' dir='ltr'>secandas,</span> <span class='ocrx_word' id='word_1_234' title='bbox 473 3069 505 3116; x_wconf 90' lang='lat' dir='ltr'>at</span> <span class='ocrx_word' id='word_1_235' title='bbox 521 3062 637 3129; x_wconf 81' lang='lat' dir='ltr'>dicitnr,</span> <span class='ocrx_word' id='word_1_236' title='bbox 650 3060 771 3116; x_wconf 88' lang='lat' dir='ltr'>actiones</span> <span class='ocrx_word' id='word_1_237' title='bbox 791 3061 871 3116; x_wconf 84' lang='lat' dir='ltr'>nobis</span> <span class='ocrx_word' id='word_1_238' title='bbox 887 3061 923 3114; x_wconf 82' lang='lat' dir='ltr'>ab</span> <span class='ocrx_word' id='word_1_239' title='bbox 940 3061 985 3115; x_wconf 85' lang='lat' dir='ltr'>in-</span> 
     </span>
     <span class='ocr_line' id='line_1_32' title="bbox 145 3138 984 3213; baseline 0.005 -21"><span class='ocrx_word' id='word_1_240' title='bbox 145 3138 278 3211; x_wconf 81' lang='lat' dir='ltr'>fantibus</span> <span class='ocrx_word' id='word_1_241' title='bbox 294 3140 461 3210; x_wconf 77' lang='lat' dir='ltr'>postularet.</span> <span class='ocrx_word' id='word_1_242' title='bbox 513 3139 572 3197; x_wconf 83' lang='lat' dir='ltr'>Sed</span> <span class='ocrx_word' id='word_1_243' title='bbox 592 3139 664 3213; x_wconf 81' lang='lat' dir='ltr'>qnid</span> <span class='ocrx_word' id='word_1_244' title='bbox 684 3139 809 3213; x_wconf 79' lang='lat' dir='ltr'>anaspia</span> <span class='ocrx_word' id='word_1_245' title='bbox 834 3140 984 3196; x_wconf 79' lang='lat' dir='ltr'>verboram</span> 
     </span>
    </p>
   </div>
   <div class='ocr_carea' id='block_1_6' title="bbox 0 0 1126 3436">
    <p class='ocr_par' dir='ltr' id='par_1_6' title="bbox 0 0 1126 3436">
     <span class='ocr_line' id='line_1_33' title="bbox 0 0 1126 3436; baseline 0 0"><span class='ocrx_word' id='word_1_246' title='bbox 0 0 1126 3436; x_wconf 95' lang='lat' dir='ltr'> </span> 
     </span>
    </p>
   </div>
  </div>
 </body>
</html>
