2224 3446
307 67 376 116 LIB.
388 67 422 128 1,,
436 67 515 116 CAP.
526 67 700 128 XLIX-LI„
714 67 729 126 ἓ
744 71 863 120 Ill-116.
961 71 1005 122 let

664 165 737 214 Eheu
747 165 842 216 videte!

166 231 292 282 Iudicabit
305 231 426 280 inclutum
440 230 559 280 iudicium
572 231 637 278 inter
651 230 709 279 deas
723 230 767 278 tris
781 231 883 294 aliquis:

167 297 224 357 Quo
239 297 331 345 iudicio
344 295 542 346 Lacedaemonia
557 296 653 357 mulier,
664 295 796 344 Furiarum
813 313 870 358 una,
881 297 1004 348 adveniet.

166 432 278 490 Eodem
303 434 381 490 enim
404 433 493 490 modo
517 432 609 490 multa
636 453 653 490 a
676 434 897 493 vaticinantibus
925 454 1007 514 saepe
1093 471 1095 476 ·

166 514 313 590 praedicta
326 519 401 585 sunt,
413 532 506 591 neque
520 514 613 571 solum
627 513 728 586 verbis
741 514 791 572 sed
805 515 893 572 etiam

263 669 392 732 Versibus,
402 685 463 733 quos
477 670 537 718 olim
550 670 631 718 Fauni
642 678 759 735 vatesque
772 671 901 722 canebant.

167 814 233 866 115.
253 807 391 866 Similiter
412 808 535 866 Marcius
555 815 585 866 et
604 809 754 868 Publicius
774 815 853 868 vates
873 809 1007 868 cecinisse

165 889 308 947 dicuntur.
350 888 416 957 Quo
437 889 473 946 de
489 908 593 966 genere
609 888 755 966 Apollinis
776 896 876 967 operta
896 889 1007 967 prolata

165 971 241 1026 sunt
284 967 377 1026 Credo
395 969 482 1025 etiarn
501 967 644 1026 anhelitus
661 969 801 1046 quosdam
817 970 906 1028 fuisse
923 976 1008 1030 terra-

165 1067 229 1105 rum
245 1047 349 1126 quibus
363 1047 478 1106 inflatae
491 1056 602 1106 mentes
616 1049 730 1106 oracula
742 1049 906 1108 funderent.

206 1127 252 1186 LI.
269 1127 366 1205 Atque
381 1128 450 1186 haec
465 1128 581 1206 quidem
596 1136 694 1185 vatum
708 1129 782 1186 ratio
797 1136 847 1200 est,
860 1149 912 1186 nec
927 1129 1008 1186 dissi·

165 1207 242 1264 milis
256 1227 323 1264 sane
337 1208 522 1266 somniorum.
562 1207 637 1264 Nam
652 1227 724 1285 quae
738 1208 923 1284 vigilantibus
937 1210 1008 1267 acci-

165 1287 239 1344 dunt
249 1287 370 1359 vatibus,
379 1287 478 1345 eadem
490 1287 800 1346 nobisdonnientibus.
829 1287 1006 1364 Vigetenim

165 1368 278 1424 animus
294 1368 324 1425 in
342 1368 458 1438 somnis,
471 1367 598 1445 liberque
615 1375 658 1425 est
672 1368 802 1425 sensibus
818 1374 847 1424 et
861 1369 942 1425 omni
955 1369 1007 1425 irn-

164 1447 313 1523 peditione
327 1467 458 1504 curarum
472 1448 582 1505 iacente
599 1454 628 1504 et
642 1454 757 1505 mortuo
771 1466 861 1524 paene
878 1467 1004 1524 corpore.

165 1525 222 1594 Qui
240 1527 308 1604 quia
324 1527 395 1584 vixit
416 1527 452 1584 ab
474 1528 554 1585 omni
572 1527 739 1585 aeternitate
756 1534 940 1604 versatusque
962 1535 1006 1585 est

164 1621 230 1663 cnm
248 1607 504 1665 innumerabilibus
523 1606 633 1678 animis,
647 1608 752 1678 omnia,
765 1626 837 1684 quae
853 1607 884 1664 in
905 1614 1006 1665 natura

164 1705 259 1744 rerum
277 1693 351 1756 sunt,
362 1686 450 1757 videt,
462 1687 487 1744 si
500 1687 589 1744 modo
603 1687 770 1764 temperatis
786 1688 857 1745 escis
873 1687 1006 1745 modicis-

164 1785 220 1842 que
231 1766 398 1842 potionibus
409 1767 450 1824 ita
460 1774 503 1825 est
513 1767 651 1838 adfectus,
661 1775 695 1824 ut
705 1768 801 1844 sopito
815 1786 934 1844 corpore
944 1768 1005 1844 ipse

164 1846 271 1922 vigilet.
314 1846 395 1903 Haec
416 1847 586 1904 somniantis
607 1855 650 1904 est
671 1848 818 1905 divinatio.
863 1853 928 1904 116.
947 1847 1005 1904 Hic

148 1951 150 1955 ’
163 1945 269 2002 magna
283 1927 423 2002 quaedam
438 1927 565 1984 exoritur
578 1946 670 2003 neque
681 1947 715 1984 ea
725 1927 869 1998 naturalia
880 1928 930 1984 sed
941 1927 1006 1996 arti-

163 2004 261 2062 ficiosa
275 2007 453 2063 somniorum
466 2005 659 2083 Antiphontis
673 2007 880 2084 interpretatum
892 2008 1006 2065 eodem·

164 2104 220 2162 que
236 2086 325 2142 modo
342 2092 371 2142 et
385 2086 564 2143 oraculorum
582 2094 611 2144 et
624 2087 862 2145 vaticinationum
879 2094 946 2144 sunt
960 2107 1006 2144 ex-

163 2165 333 2242 planatores,
343 2172 376 2223 ut
386 2167 566 2242 grammatici
577 2173 738 2242 poetarum.
770 2167 846 2224 Nam
860 2173 894 2224 ut
904 2186 1005 2224 aurum

76 2275 78 2279 ·
164 2253 193 2302 et
203 2252 363 2322 argentum,
373 2265 428 2316 aes,
438 2246 547 2304 ferrum
557 2247 665 2304 frustra
674 2254 776 2304 natura
786 2246 884 2304 divina
893 2248 1006 2323 genuis-

164 2331 214 2396 set,
228 2325 283 2382 nisi
297 2326 397 2383 eadem
412 2326 555 2384 docuisset
569 2345 654 2402 quem
669 2325 706 2382 ad
719 2326 840 2383 modum
855 2326 891 2383 ad
906 2345 1002 2383 eorum

163 2424 249 2462 venas
269 2406 471 2482 perveniretur,
482 2425 535 2464 nec
555 2406 653 2482 fruges
674 2412 766 2462 terrae
786 2405 905 2463 bacasve
926 2406 1006 2463 arbo

163 2503 228 2541 rum
244 2504 311 2542 cum
328 2486 453 2543 utilitate
469 2486 528 2543 ulla
543 2485 641 2563 generi
658 2485 785 2542 humano
803 2484 936 2554 dedisset,
949 2486 1004 2542 nisi

163 2583 260 2622 earum
276 2565 369 2623 cultus
383 2573 412 2623 et
426 2567 609 2624 condiciones
624 2565 804 2623 tradidisset:
827 2565 945 2622 materia
959 2566 1005 2622 de

163 2644 231 2702 inde
256 2645 327 2721 quid
351 2646 468 2716 iuvaret,
487 2647 543 2704 nisi
567 2646 757 2703 consectionis
781 2645 842 2703 eius
865 2645 1003 2703 fabricam

163 2723 351 2782 haberemusl
372 2726 411 2783 sic
429 2745 494 2783 curn
516 2727 596 2783 omni
615 2726 749 2795 utilitate,
760 2745 845 2802 quam
867 2725 897 2782 di
913 2724 1005 2782 homi-

162 2803 249 2861 nibus
270 2804 417 2876 dederunt,
430 2825 474 2862 ars
495 2806 590 2882 aliqua
610 2807 763 2864 coniuncta
783 2811 833 2875 est,
846 2824 898 2882 per
918 2824 1003 2882 qnam

162 2883 212 2941 illa
233 2884 342 2942 utilitas
358 2886 467 2962 percipi
483 2887 582 2962 possit.
621 2885 696 2943 Item
713 2886 802 2962 igitur
821 2885 946 2955 somniis
960 2904 1004 2941 va-

163 2964 388 3036 ticinationibus‚
407 2966 535 3036 oraculis,
554 2966 632 3041 quod
656 2973 737 3024 erant
760 2965 852 3022 multa
876 2966 1002 3032 obscura,

163 3043 256 3101 multa
275 3045 418 3121 ambigua,
431 3044 645 3122 explanationes
665 3044 811 3103 adhibitae
832 3051 899 3101 sunt
919 3044 1003 3100 inter·

162 3130 287 3200 protum.
