2224 3446
272 115 843 178 urn.1.‚cnr.xmr.-xurv‚§er-roo.
934 121 977 168 ιιι

136 234 172 273 eo
187 214 378 272 animadversi
394 215 482 292 globi.
524 214 630 273 Delata
643 217 731 273 etiam
745 217 783 274 ad
799 225 929 275 senatum
945 219 981 275 la·

136 295 188 352 bes
210 295 272 372 agri
294 294 477 366 Privernatis,
493 315 559 352 cum
581 295 618 352 ad
638 296 734 354 infinit
722 304 781 354 tam
799 296 849 354 alti
850 297 981 355 tudinem

136 381 213 432 terra
241 374 397 432 desedisset
385 375 588 452 tApuliaque
618 377 752 433 maximis
781 383 870 434 terrae
897 379 982 435 moti·

136 455 191 512 bus
212 461 400 531 conquassata
421 455 628 547 essetquibus
648 457 790 548 portentis
806 475 911 532 magua
931 477 982 534 po·

136 535 207 611 pulo
222 534 354 591 Romano
369 533 443 592 bella
456 535 688 613 perniciosaeque
702 536 785 594 sedit‘
765 543 858 594 troues
874 537 983 594 denun-

137 614 291 671 tiabantur.
330 613 422 691 Inque
436 613 482 671 his
499 615 633 672 omnibus
647 634 783 692 respousa
797 615 980 692 haruspicum

137 714 204 752 curn
239 694 366 771 Sibyllae
393 694 521 752 versibus
548 695 752 772 congruebant.
810 701 856 753 98.
886 695 982 764 Quid?

137 793 203 832 cum
221 773 322 831 Cumis
337 773 444 850 Apollo
459 774 581 846 sudavit,
597 775 712 851 Capuae
724 775 872 833 Victorial
893 776 982 853 quidl

138 863 219 911 ortus
241 854 403 931 androgyni
426 873 522 912 noune
543 855 631 912 fatale
652 855 798 932 quoddam
819 863 981 913 monstrum

137 934 215 992 fuist
243 933 331 1011 quidl
356 953 422 991 cum
446 933 550 991 fluvius
574 933 695 992 Atratus
720 935 858 1012 sanguine
880 935 982 993 fiuxitl

138 1014 228 1090 quid?
248 1033 314 1071 cum
330 1033 414 1090 saepe
427 1013 565 1090 lapidum,
579 1015 726 1092 sanguinis
740 1034 798 1071 ιιοιι
813 1035 980 1092 numquam,

137 1101 229 1151 terrae
253 1093 407 1163 interdum,
429 1094 574 1171 quondam
600 1095 687 1152 etiam
713 1094 794 1152 lactis
819 1094 911 1152 imber
935 1096 982 1152 de-

138 1173 238 1231 fluxit.
231 1174 240 1215 ι
210 1173 354 1249 tquidl
378 1192 443 1230 cum
466 1174 496 1230 in
520 1174 606 1251 Capit
594 1174 665 1231 tolio
688 1174 762 1230 ictus
784 1173 945 1232 Centaurus
966 1195 981 1232 e

138 1253 217 1310 caclo
238 1260 289 1323 est,
311 1256 342 1309 ιιι
363 1253 469 1312 Avent‘
448 1261 510 1312 tmo
533 1261 633 1331 portae
655 1260 685 1311 et
707 1253 846 1326 homines,
865 1254 982 1312 Tusculi

138 1333 222 1390 aedes
256 1332 326 1390 Cast
314 1333 385 1390 toris
419 1341 449 1391 et
483 1333 610 1391 Pollucis
641 1333 807 1410 Romaeque
840 1299 982 1391 l'ietatisl

139 1412 243 1470 Nonne
265 1419 294 1470 et
316 1401 480 1488 haruspices
502 1433 536 1470 ea
555 1413 772 1490 responderunt,
789 1432 861 1490 quae
884 1433 982 1471 evenc-

138 1493 307 1564 runt,et1u
325 1492 450 1568 Sibyllae
469 1493 549 1550 libris
570 1494 686 1550 eaedem
707 1500 835 1569 repertae
856 1493 982 1569 praedic-

137 1573 232 1630 tiones
247 1580 314 1630 sunt
302 1574 332 1630 tl
369 1572 476 1631 XLIV.
514 1579 560 1630 99.
576 1573 716 1630 Caeciliae
731 1571 764 1641 Q.
776 1572 850 1629 filiae
867 1575 981 1630 somnio

138 1652 227 1710 modo
246 1652 368 1709 Marsico
390 1651 466 1709 bello
487 1652 627 1729 templum
651 1660 694 1710 cst
716 1672 733 1709 a
755 1660 855 1710 senatu
876 1652 981 1710 Iunoni

138 1732 270 1809 Sospitae
295 1733 468 1789 restitutum.
511 1731 596 1800 Quod
625 1733 741 1809 quidem
767 1733 910 1790 somnium
940 1733 982 1790 Si-

138 1831 228 1870 senna
244 1832 308 1870 cum
327 1812 531 1888 disputavisset
547 1811 666 1870 mirifice
684 1813 721 1869 ad
737 1813 854 1870 verbum
871 1833 937 1870 cum
951 1833 982 1870 re

138 1892 312 1961 convenisse,
328 1898 391 1948 tum
408 1891 570 1963 insolenter,
583 1893 668 1950 credo
683 1893 718 1950 ab
734 1893 870 1969 Epicurio
885 1892 981 1970 aliquo

137 1972 281 2042 inductus,
292 1971 421 2048 disputat
435 1972 555 2028 somniis
565 1972 643 2029 credi
657 1992 715 2030 non
730 1981 869 2050 oportere,
899 1973 981 2030 Idem

138 2059 239 2109 contra
255 2058 369 2109 ostenta
385 2051 457 2108 nihil
473 2051 603 2128 disputat
621 2053 796 2130 exponitque
813 2053 896 2110 initio
914 2052 981 2110 belli

139 2132 250 2189 Marsici
267 2139 296 2189 et
310 2131 429 2189 deorum
444 2131 594 2190 simulacra
608 2133 752 2190 sudavisse
767 2141 796 2190 et
812 2133 980 2210 sanguinem

138 2211 253 2269 fluxisse
270 2219 300 2269 et
321 2212 483 2269 discessisse
500 2212 610 2270 caelum
626 2219 661 2270 et
683 2232 718 2270 ex
739 2212 834 2270 occult
822 2220 852 2270 ιο
869 2212 981 2269 auditas

138 2311 199 2350 esse
214 2311 305 2363 voees,
322 2311 394 2368 quae
408 2290 534 2367 pericula
550 2292 617 2350 belli
632 2293 796 2349 nuntiarent
784 2298 847 2363 t,et
860 2291 981 2349 Lanuvii

139 2372 255 2449 clipeos,
268 2372 347 2448 quod
364 2371 580 2448 haruspicibus
579 2372 775 2430 tristissimum
789 2336 883 2427 iisum
898 2379 979 2442 esset,

138 2451 306 2509 amuribus
327 2471 386 2510 esse
408 2451 532 2510 derosos
577 2457 642 2508 100.
666 2449 762 2519 quida
784 2450 890 2528 quod
883 2471 913 2508 m
934 2470 982 2508 au·

138 2531 251 2588 nalibus
271 2531 409 2589 habemus
430 2531 548 2590 Veienti
568 2531 652 2601 bellu,
665 2549 730 2588 curn
752 2530 829 2588 lacus
850 2530 981 2587 Albanus

137 2611 383 2689 praetermodum
398 2611 540 2683 crevisset,
550 2612 656 2670 Veient
644 2618 703 2668 tem
718 2610 861 2688 quendam
878 2610 915 2667 ad
928 2629 982 2666 nos

138 2691 287 2750 hominem
308 2691 434 2750 nobilem
451 2691 614 2768 profugisse
629 2710 751 2769 eumque
768 2690 872 2748 dixisse
890 2709 924 2746 ex
941 2690 982 2747 fa-

138 2771 185 2842 tis,
198 2791 270 2848 quae
287 2772 424 2830 Veientes
445 2775 550 2849 scripta
570 2770 716 2842 habereut,
728 2770 817 2828 Veios
838 2770 902 2846 capi
922 2789 981 2826 nou

138 2870 232 2928 posse,
247 2851 318 2924 dum
339 2852 416 2908 lacus
433 2851 458 2908 is
475 2851 654 2921 redundaret,
670 2858 707 2922 et,
723 2850 747 2907 si
768 2850 845 2908 lacus
862 2849 982 2906 emissus

139 2931 220 3008 lapsu
236 2939 266 2990 et
279 2951 363 2988 cursu
378 2951 429 2988 suo
444 2931 481 2989 ad
495 2950 572 2988 mare
587 2929 776 3007 profluxisset,
789 2929 980 3006 perniciosum

139 3011 250 3088 populo
267 3011 415 3069 Romano:
439 3016 482 3067 sin
500 3017 596 3068 autern
613 3010 655 3068 ita
669 3018 742 3067 esset
759 3010 886 3079 eductus,
899 3016 931 3065 ut
945 3008 983 3064 ad

140 3111 218 3149 mare
233 3092 379 3169 pervenire
391 3110 448 3147 nou
463 3097 568 3166 possct,
581 3096 644 3147 tum
659 3089 779 3147 salutare
791 3090 896 3147 nostris
910 3089 980 3145 fore.

139 3173 185 3232 Ex
203 3191 260 3298 qpo
278 3171 327 3229 illa
347 3170 522 3228 admirabilis
543 3189 561 3228 a
577 3169 733 3228 maioribus
747 3169 876 3228 Albanae
893 3185 982 3244 aquae
