2242 3436
330 117 399 167 LIB.
410 117 446 179 I.,
457 115 535 167 CAP.
547 115 716 178 IX.-XII.,§
729 120 818 180 15-20.
945 121 994 170 15³

248 216 291 276 Et,
302 215 324 264 si
334 215 460 264 stellarum
471 221 553 263 motus
564 229 698 278 cursusque
708 225 827 276 vagantes

248 282 330 330 Nosse
340 281 408 343 velis,
421 295 484 344 quae
496 281 546 329 sint
557 281 682 340 signorum
694 279 721 330 in'
732 281 791 330 sede
802 282 908 345 locatae,

246 347 317 406 Quae
328 347 403 395 verbo
414 356 438 395 et
449 345 517 394 falsis
529 346 662 396 Graiorum
674 346 774 394 vocibus
783 357 872 408 errant,

248 413 286 461 Re
296 427 354 460 rera
365 421 433 460 certo
444 411 513 474 lapsu
524 412 654 474 spatioque
664 411 784 472 feruutur,

248 478 340 528 Omnia
350 478 401 526 iam
413 491 498 526 cernes
509 476 594 525 diviua
603 485 688 526 mente
700 485 794 527 notata

191 573 198 588 .
246 543 315 591 Nam
323 543 431 606 primurn
440 550 562 591 astrorum
571 542 682 591 volucres
691 551 715 592 ta
724 543 823 591 consula
832 552 915 594 motus

247 609 438 671 Concursusque
449 622 536 668 graras
547 607 674 656 stellarum
685 608 773 657 ardore
785 609 903 658 micantes

246 674 287 722 Tu
295 688 400 738 quoque,
410 689 468 722 cum
477 672 585 722 tumulos
593 673 693 722 Albano
702 674 728 721 in
736 683 821 722 monte
828 675 922 724 nivales

245 739 369 788 Lustrasti
379 748 405 788 et
416 739 481 788 laeto
490 737 604 787 mactasti
615 738 681 787 lacte
691 739 804 800 Latinas,

246 803 340 852 Vidisti
351 813 376 854 et
387 804 454 853 claro
465 803 583 852 tremulos
594 804 683 852 ardore
694 815 812 864 cometas,

246 869 376 932 Multaque
385 869 483 918 misceri
493 877 616 917 nocturna
627 877 709 930 strage
719 871 810 930 putasti
821 888 826 918 :

246 934 320 993 Quod
331 936 408 984 ferme
419 935 500 983 dimm
511 934 538 982 in
548 943 647 997 tempus
658 935 769 984 cecidere
780 936 892 998 Latinae,

246 1001 311 1048 Cum
322 999 415 1048 claram
426 1000 533 1062 speciem
544 1009 660 1048 concreto
671 999 764 1049 lumine
775 1000 835 1049 luna

246 1064 352 1113 Abdidit
363 1074 388 1114 et
399 1065 480 1114 subito
492 1064 600 1113 stellanti
612 1074 684 1114 nocte
696 1076 823 1128 perempta
835 1074 880 1116 est.

246 1129 314 1190 Quid
325 1145 383 1180 vero
394 1130 491 1179 Phoebi
501 1130 554 1189 fax,
564 1130 641 1178 tristis
652 1130 741 1179 nuntia
751 1130 816 1189 belli,

246 1196 317 1254 Quae
325 1211 445 1256 magnum
453 1195 485 1243 ad
494 1195 607 1244 columen
615 1195 744 1244 flammato
752 1197 841 1246 ardore
848 1196 956 1259 volabat,

245 1261 396 1323 Praecipites
407 1261 468 1310 caeli
479 1270 560 1324 partes
570 1261 701 1324 obitusque
712 1261 841 1323 petisseas,

244 1327 299 1375 Aut
310 1341 368 1375 curn
380 1325 482 1375 terribili
494 1341 625 1388 percussus
636 1325 740 1374 fulmine
753 1327 814 1376 ciris

245 1392 317 1441 Luca
326 1391 451 1442 serenanti
461 1391 547 1440 vinalia
559 1391 654 1440 lumina
664 1391 745 1455 liquit,

245 1459 298 1505 Aut
310 1471 367 1506 cum
380 1473 407 1506 se
417 1457 521 1518 gravido
533 1457 670 1506 tremefecit
680 1471 782 1520 corpore
793 1457 885 1507 tellus?

245 1523 300 1570 Iam
312 1537 370 1571 vero
381 1524 464 1572 variae
475 1530 597 1571 nocturno
608 1532 719 1585 tempore
730 1523 797 1571 visae

244 1588 377 1637 Terribiles
386 1589 482 1637 formae
494 1588 584 1637 bellum
595 1597 726 1652 motusque
737 1589 881 1650 mouebant,

243 1653 375 1717 Multaque
386 1669 430 1716 per
441 1662 519 1702 terras
529 1662 597 1702 vates
609 1653 692 1702 oracla
702 1654 794 1702 furenti

244 1719 349 1768 Pectore
360 1719 504 1779 fundebant,
515 1719 596 1767 tristes
607 1719 749 1767 minitantia
760 1734 839 1778 nasus,

148 1777 194 1830 19.
243 1785 328 1848 Atque
339 1800 376 1845 ea,
388 1797 452 1848 quaa
463 1785 533 1846 lapsu
544 1785 645 1833 tandem
657 1784 767 1834 cecidere
778 1793 883 1845 vetusto,

244 1851 314 1899 Haec
326 1850 378 1899 fore
389 1850 513 1913 perpetuis
524 1850 600 1909 signis
612 1849 734 1912 clarisque
744 1850 905 1913 frequentans

243 1917 300 1977 lpse
311 1915 384 1964 deum
396 1915 493 1976 genitor
502 1916 571 1964 caelo
582 1916 701 1978 terrisque
711 1916 822 1964 canebat.

146 1967 213 2026 ΧΠ.
243 1982 316 2029 Nunc
325 1996 361 2040 ea,
371 1983 498 2044 'l'orquato
506 1995 570 2043 quae
579 1981 706 2043 qnondam
716 1989 741 2029 et
749 1980 849 2030 consule
858 1981 934 2031 Cotta

242 2045 337 2108 Lydius
348 2047 460 2095 ediderat
470 2047 614 2108 'l'yrrlronae
624 2047 705 2106 gentis
717 2046 849 2108 haruspex,

242 2111 334 2160 Omnia
346 2112 398 2160 lixa
409 2122 464 2159 tuus
475 2113 616 2172 glomerans
627 2112 777 2160 determinat
787 2127 875 2162 rannus.

241 2177 309 2225 Nam
320 2186 389 2239 pater
400 2177 534 2225 altitonans
546 2177 653 2238 stellanti
664 2178 737 2225 nixus
751 2177 859 2240 Olympo

242 2243 299 2304 lpse
311 2257 368 2290 suos
380 2242 505 2305 quondam
518 2242 626 2290 tumulos
637 2257 666 2290 ac
679 2243 771 2304 templa
782 2243 877 2305 petivit,

242 2308 277 2356 Et
289 2308 436 2370 Capitolinis
446 2308 532 2356 iniecit
542 2307 640 2356 sedibus
651 2307 729 2367 ignes.

241 2373 308 2420 'fam
321 2374 413 2434 species
425 2387 457 2421 ex
469 2374 526 2421 aere
536 2381 606 2421 vetus
618 2383 783 2433 venerataque
794 2371 889 2422 Nattae

242 2437 360 2487 Concidit
371 2438 518 2500 elapsaeque
529 2447 625 2486 vetusto
637 2439 738 2486 numine
750 2437 825 2497 leges,

242 2503 277 2551 Et
287 2503 372 2552 divum
384 2502 515 2551 simulacra
526 2503 630 2564 peremit
642 2503 753 2551 fulminis
766 2502 846 2552 ardor.

184 2599 193 2614 .
242 2568 293 2617 llic
305 2568 422 2616 silvestris
434 2575 487 2616 erat
498 2568 605 2616 Romani
617 2567 724 2616 nominis
736 2567 820 2628 altrix,

241 2633 343 2693 Martia,
355 2647 419 2696 quae
430 2647 519 2695 parvos
531 2634 653 2682 Mavortis
665 2633 758 2682 semiue
769 2644 843 2682 natos

242 2699 367 2762 Uberibus
378 2698 486 2758 gravidis
498 2698 566 2746 vitali
579 2713 633 2747 rore
645 2699 751 2760 rigabat,

241 2763 378 2823 Quaeram
392 2779 449 2812 cum
461 2765 541 2826 pueris
552 2764 680 2813 flammato
689 2763 800 2812 fulminis
812 2764 863 2812 ictu

241 2829 358 2878 Concidit
369 2838 444 2892 atqua
455 2830 540 2878 avulsa
550 2830 640 2891 pedum
652 2831 756 2890 vestigia
768 2829 847 2893 liquit.

241 2894 307 2942 'l'um
317 2894 372 2957 quis
381 2909 430 2942 uon
440 2895 499 2942 artis
508 2896 598 2957 scripta
606 2910 634 2942 ac
643 2905 805 2944 monumenta
813 2896 927 2944 volutans

241 2959 324 3008 Voces
336 2960 461 3008 tristificas
472 2960 564 3008 chartis
576 2961 705 3022 promebat
717 2960 849 3009 Etruscis?

242 3023 337 3073 Omnes
349 3024 446 3073 civilem
458 3039 576 3085 generosa
587 3041 602 3073 a
614 3026 689 3087 stirpe
701 3025 836 3086 profectam

242 3089 331 3138 Vitare
342 3089 468 3150 ingentem
478 3090 574 3139 cladem
586 3099 728 3153 pestemque
739 3091 882 3151 monebant,

241 3154 291 3204 Vel
302 3155 385 3216 legum
398 3155 503 3204 exitium
514 3156 638 3204 constanti
649 3171 708 3204 roca
720 3156 840 3216 ferebant,
