2220 3432
109 85 141 132 56
333 81 382 130 DE
399 80 549 131 NATURA
565 80 726 130 DEORUM.

109 185 184 243 volo.
226 183 274 242 Sic
288 183 365 242 enim
379 203 424 242 res
438 203 467 241 se
481 183 576 255 habet,
588 191 622 241 ut
636 183 741 255 omnia,
754 202 826 260 quae
840 183 954 242 alantur

109 272 139 322 et
150 284 222 342 quae
232 271 367 334 crescant,
376 265 542 322 contineant
554 265 583 321 in
595 284 624 322 se
635 265 693 321 vim
705 263 814 335 caloris,
824 265 885 322 sine
896 284 954 341 qua

110 363 201 422 neque
216 344 253 402 ali
267 351 384 422 possent
397 363 491 422 neque
505 364 635 402 crescere.
678 344 754 401 Nam
769 364 863 415 omne,
874 345 954 422 quod

110 432 153 482 est
174 424 299 482 calidum
318 432 347 482 et
368 425 493 502 igneum,
510 425 600 482 cietur
622 431 651 481 et
667 425 763 500 agitur
785 432 867 481 motu
890 444 952 495 sue,

110 505 188 582 quod
210 512 305 562 autem
329 505 414 562 alitur
435 512 464 562 et
485 505 592 575 erescit,
610 511 693 561 motu
715 504 839 581 quodam
862 505 954 561 utitur

109 592 187 642 eerto
209 591 239 643 et
255 584 404 662 aequabili,
421 585 471 662 qui
492 603 578 661 qnam
598 583 648 640 diu
666 591 794 642 remanet
811 585 841 640 in
859 585 952 654 nobie,

109 672 168 722 tam
184 664 234 723 din
249 684 346 722 sensus
360 672 389 722 et
403 665 463 722 vita
476 670 612 734 remanet,
624 664 792 740 refrigerato
809 671 906 722 antem
924 672 954 722 et

109 745 251 803 exstineto
269 744 360 802 calore
377 744 535 802 occidimus
551 743 608 822 ipsi
622 753 651 804 et
662 745 877 822 exstinguimur.
905 750 951 801 24.

109 824 195 893 Quod
210 825 325 901 quidem
341 823 494 882 Cleanthes
507 824 553 882 bis
567 824 654 882 etiam
668 824 845 900 argumentis
859 824 951 893 docet,

110 912 217 981 quanta
228 905 270 961 vis
280 905 350 962 insit
364 904 465 962 caloris
478 905 509 962 in
524 905 604 962 omni
618 921 752 980 corpore:
774 911 860 980 negat
874 904 952 961 enirn

111 984 198 1041 ullum
217 1003 277 1042 esse
295 984 391 1042 eibum
408 992 468 1042 tam
485 1004 610 1062 gravem,
627 985 696 1060 quin
713 984 738 1040 is
754 992 839 1041 nocte
860 991 889 1040 et
905 983 953 1040 die

109 1072 313 1142 concoquetur,
329 1065 410 1123 cuins
426 1065 513 1122 etiam
530 1065 561 1121 in
578 1064 705 1141 reliquiis
721 1064 797 1121 inest
814 1063 890 1121 calor
907 1063 951 1132 iis,

110 1164 180 1221 quas
200 1152 302 1203 natura
322 1145 469 1221 respuerit.
512 1144 574 1202 Iam
591 1164 658 1202 vero
675 1163 763 1202 venae
784 1152 814 1201 et
834 1143 953 1200 arteriae

109 1225 214 1282 micare
230 1244 289 1282 non
306 1225 441 1283 desinunt
456 1225 536 1302 quasi
551 1225 675 1302 quodam
692 1225 778 1300 igneo
795 1231 878 1282 motu
894 1223 954 1280 ani-

109 1304 346 1382 madversumque
360 1324 444 1382 saepe
458 1314 509 1376 est,
522 1325 588 1362 eum
603 1324 652 1361 eor
665 1304 819 1362 animantis
833 1303 953 1361 alieuius

109 1384 237 1442 evulsum
254 1386 296 1443 ita
311 1385 458 1443 mobiliter
474 1385 636 1462 palpitaret,
648 1392 682 1441 ut
699 1384 858 1444 imitaretur
875 1384 953 1460 igne

108 1484 155 1522 am
177 1465 360 1524 celeritatem.
403 1465 497 1524 Omne
513 1465 603 1541 igitur
625 1464 703 1542 quod
720 1463 799 1535 vivit,
815 1464 874 1521 sive
894 1463 953 1520 ani·

108 1545 166 1602 mal
183 1546 242 1603 sive
262 1552 337 1603 terra
358 1546 477 1616 editum,
492 1544 523 1601 id
541 1544 612 1602 vivit
628 1551 746 1622 propter
762 1543 903 1601 inclusum
921 1543 952 1600 iu

108 1644 143 1682 eo
158 1626 288 1684 calorem.
331 1625 375 1682 Ex
390 1645 447 1702 quo
462 1624 590 1701 intellegi
604 1625 691 1682 debet
705 1643 768 1682 earn
786 1624 888 1682 caloris
905 1642 953 1682 na·

108 1711 202 1762 turam
214 1706 272 1762 vim
284 1703 388 1762 habere
399 1707 428 1762 in
444 1725 473 1762 ae
484 1704 598 1762 vitalem
614 1724 666 1781 per
680 1723 795 1762 ornnem
810 1704 952 1762 mundum

108 1785 309 1861 pertinentem.
353 1791 398 1842 25.
415 1784 513 1862 Atque
534 1785 565 1842 id
585 1784 699 1842 facilius
719 1803 867 1842 cernemus
887 1791 952 1842 toto

108 1883 211 1942 genere
225 1864 280 1922 hoc
294 1865 388 1940 igneo,
402 1865 480 1941 quod
494 1872 588 1922 tranat
603 1865 707 1936 omnia,
718 1863 851 1922 subtilius
865 1864 953 1942 expli-

108 1952 180 2003 cato.
223 1944 332 2002 Omnes
348 1944 437 2021 igitur
454 1953 549 2022 partes
567 1944 833 2022 mnndi-tangam
855 1953 952 2002 autem

107 2024 386 2082 maximas-calore
402 2025 493 2082 fultae
515 2025 707 2082 sustinentur:
730 2024 808 2102 quod
824 2024 952 2102 primurn

107 2105 138 2162 in
159 2112 271 2162 terrena
290 2111 393 2162 natura
412 2105 535 2182 perspici
552 2113 665 2182 potest:
687 2124 755 2162 nam
776 2113 806 2163 et
822 2105 951 2182 lapidum

107 2184 244 2243 conflictu
264 2191 350 2262 atque
366 2185 437 2243 tritu
454 2186 519 2244 elici
534 2187 631 2262 ignem
649 2185 779 2244 videmus
800 2193 830 2242 et
845 2185 953 2243 recenti

107 2265 235 2323 fossione
249 2274 354 2323 terram
367 2266 479 2324 fumare
493 2266 641 2334 calentem,
652 2273 738 2342 atque
752 2264 839 2323 etiam
853 2285 888 2323 ex
902 2285 953 2342 pu-

107 2346 162 2403 teis
178 2345 293 2424 iugibus
310 2366 414 2424 aquam
431 2346 552 2404 calidam
569 2345 653 2416 trabi,
665 2353 695 2403 et
709 2345 740 2402 id
753 2345 877 2404 maxime
891 2344 952 2403 fieri

78 2450 83 2464 ·
107 2427 287 2503 temporibus
301 2425 436 2498 hibernis,
449 2426 528 2504 quod
542 2445 647 2502 magna
661 2427 704 2483 vis
717 2432 808 2484 terrae
826 2425 953 2483 cavernis

108 2507 272 2566 continetur
286 2507 387 2565 caloris
401 2526 490 2583 eaque
504 2505 599 2564 hieme
610 2505 643 2564 fit
654 2506 769 2564 densior
783 2504 821 2563 ob
832 2524 952 2582 eamque

108 2606 221 2665 causam
237 2588 357 2645 calorem
371 2587 489 2644 insitum
501 2587 531 2644 in
542 2586 624 2644 terris
638 2586 768 2644 continet
778 2585 875 2644 artius.
912 2585 951 2642 X.

109 2672 156 2724 26.
175 2665 275 2742 Longa
292 2674 335 2725 est
350 2667 441 2724 oratio
458 2667 623 2744 multaeque
639 2667 764 2724 rationes
782 2664 886 2742 quibus
903 2665 953 2722 do·

108 2746 166 2804 ceri
179 2747 271 2822 possit
286 2747 390 2818 omnia,
403 2766 475 2824 quae
489 2754 565 2804 terra
581 2745 725 2823 concipiat
739 2745 856 2816 semina,
869 2764 953 2822 quae-

109 2843 164 2902 que
178 2826 241 2901 ipsa
254 2845 289 2882 ex
304 2845 333 2884 se
347 2834 482 2903 generata
496 2826 633 2904 stirpibus
647 2825 736 2883 infixa
751 2824 906 2896 contineat,
919 2843 953 2882 ea

108 2905 317 2981 temperatione
339 2906 440 2964 caloris
463 2915 492 2964 et
512 2907 581 2965 oriri
602 2913 632 2964 et
652 2924 810 2982 augescere.
853 2904 953 2982 Atque

109 3003 199 3059 aquae
213 2985 299 3042 etiam
314 2986 475 3044 admixtum
490 3006 550 3045 esse
567 2986 690 3043 calorem
704 2985 831 3062 primum
845 2984 907 3062 ipse
921 2984 953 3042 li·

110 3082 183 3139 quor
196 3082 285 3141 aquae
299 3065 423 3124 declarat
437 3074 466 3125 et
480 3067 592 3136 effusio,
602 3085 674 3142 quae
688 3084 781 3142 neque
795 3064 954 3141 conglacia-

110 3150 153 3199 ret
164 3143 320 3218 frigoribus
333 3166 426 3223 neque
440 3147 505 3205 nive
517 3146 675 3223 pruinaque
686 3150 887 3215 concresceret,
896 3144 953 3204 nisi
