2242 3436
303 126 374 210 LIB.
388 125 526 186 11.,cAP.
540 125 704 190 L.-L111.,§
721 130 842 180 126-131.
962 133 995 180 93

153 235 382 306 procreaverunt,
393 246 484 305 nsque
504 228 624 286 adeum
641 227 728 286 finem
749 229 819 286 dum
836 231 949 307 possint
965 252 995 290 se

153 311 218 386 ipsa
231 309 402 367 defenderet
423 308 476 366 etsi
490 308 590 385 pisces,
601 316 634 366 ut
647 309 737 379 aiunt,
747 329 802 367 ova
815 329 880 367 cum
891 330 996 387 genue-

152 396 228 459 runt,
241 388 422 467 relinquunt:
443 388 527 445 facile
542 389 619 446 enim
630 388 679 446 illa
692 409 766 467 aqua
779 396 809 447 et
820 391 996 449 sustinentur

152 477 183 528 et
196 469 290 526 fetum
301 469 435 526 fundunt.
478 467 540 526 LlI.
563 469 733 527 Testudines
747 476 843 528 autem
858 477 887 528 et
901 489 996 528 croco

152 549 228 607 dilos
245 549 353 621 dieunt,
365 568 431 606 oum
445 549 475 605 in
491 555 565 606 terra
580 557 695 626 partum
712 550 862 621 ediderint,
876 549 995 609 obrucre

152 649 215 700 oua,
228 629 332 687 deiude
346 628 506 687 discedere:
528 629 612 686 itaet
626 638 781 688 nascuntur
795 637 824 688 et
838 630 995 688 educantur

151 710 276 787 ipsap.r
290 729 357 768 sese.
393 708 455 766 Iam
465 708 588 786 gallinae
602 728 723 787 avesque
737 710 861 788 reliquae
875 717 905 768 et
919 712 996 787 quie·

151 797 216 847 tum
237 790 386 868 requirunt
405 789 443 846 ad
459 789 629 866 pariendum
646 789 741 847 locum
763 798 793 848 ct
813 790 919 848 cubilia
940 790 995 849 sibi

152 870 293 947 nidosque
310 877 480 928 construunt
497 888 602 946 eosque
624 889 709 947 quam
727 877 848 948 possunt
864 870 996 928 mollissi-

151 969 199 1008 me
213 951 406 1020 substemunt,
416 957 449 1007 ut
463 968 550 1026 quarn
560 949 697 1008 facillime
712 970 766 1008 ova
779 959 941 1009 serventur:
959 971 994 1008 ex

152 1030 257 1106 quibus
270 1030 364 1107 pullos
377 1049 444 1087 cum
458 1029 646 1100 excluserunt,
654 1031 695 1088 ita
709 1038 834 1103 tuentur,
844 1039 877 1089 ut
888 1038 916 1088 et
927 1050 995 1108 pen-

151 1111 197 1167 nis
208 1110 333 1182 foveant,
343 1129 379 1168 ne
390 1110 498 1186 frigore
508 1109 664 1180 laedantur,
675 1117 712 1181 ot,
723 1111 746 1167 si
758 1118 801 1168 est
812 1111 888 1169 calor
898 1131 915 1168 a
925 1111 993 1183 sole,

152 1210 182 1249 se
196 1197 352 1269 opponant.
387 1189 462 1248 Cum
473 1196 569 1247 antem
581 1190 652 1267 pulli
663 1190 795 1267 pennulis
809 1192 852 1248 uti
863 1199 993 1268 possunt,

151 1277 215 1327 trrm
226 1271 338 1328 volatus
349 1289 447 1328 eorum
458 1277 564 1328 matres
574 1277 793 1347 prosequuntur,
805 1271 914 1348 reliqua
927 1290 995 1328 cura

151 1350 314 1409 liberantur.
351 1356 417 1408 130.
430 1350 552 1408 Accedit
563 1350 649 1408 etiam
664 1350 701 1407 ad
711 1369 769 1407 non
781 1350 924 1408 nullorum
937 1352 995 1408 ani-

150 1431 293 1489 mantium
305 1437 334 1488 et
344 1449 441 1488 earum
456 1449 558 1501 rerum,
570 1449 639 1507 quas
650 1437 726 1487 terra
735 1430 838 1506 gignit,
849 1449 995 1488 conserva-

151 1511 260 1568 tionem
278 1517 308 1569 et
319 1510 439 1568 salutem
453 1509 605 1567 hominnm
621 1503 733 1587 [etiam]
750 1510 875 1567 sollertia
889 1517 918 1567 et
932 1510 995 1567 dili-

150 1591 256 1667 gentia.
291 1590 366 1648 Nam
381 1591 488 1648 multae
502 1597 531 1647 et
542 1589 666 1666 pecudes
680 1596 709 1647 et
720 1589 822 1667 stirpes
836 1597 910 1659 sunt,
922 1610 994 1666 quae

151 1671 212 1729 sine
227 1671 426 1749 procuratione
440 1670 592 1728 hominum
607 1669 699 1727 salvae
714 1689 774 1727 esse
790 1689 848 1727 non
863 1678 992 1746 possunt.

151 1750 273 1828 Magnae
294 1751 379 1808 etiam
403 1750 634 1828 opportunitates
655 1750 690 1807 ad
712 1749 821 1807 cultum
842 1749 994 1808 hominum

150 1839 237 1908 atque
258 1830 464 1889 abundantiam
485 1829 555 1888 aliae
576 1830 638 1887 aliis
659 1830 688 1886 in
710 1829 781 1887 locis
805 1831 993 1908 reperiuntur.

151 1910 321 1989 Aegyptum
335 1911 364 1968 N
365 1911 419 1968 ilus
433 1911 533 1987 irrigat
544 1917 581 1981 et,
591 1929 657 1967 cum
668 1917 731 1967 tota
740 1917 847 1968 aestate
861 1910 995 1968 obrutam

151 1991 355 2068 oppletamque
369 1990 471 2063 tenuit,
483 1998 547 2047 turn
561 1990 669 2048 recedit
682 1990 866 2068 mollitosque
881 1999 910 2048 et
925 1991 995 2048 obli-

149 2078 244 2128 matos
258 2071 294 2128 ad
309 2071 460 2128 serendum
475 2089 559 2146 agros
573 2070 716 2147 relinquit.
754 2070 995 2148 Mesopotamiam

150 2150 276 2209 fertilem
290 2149 378 2209 efficit
392 2149 562 2227 Euphrates,
574 2151 604 2207 in
622 2169 707 2227 quam
723 2158 795 2228 quot
808 2171 899 2208 annos
913 2152 994 2229 quasi

150 2251 241 2289 novos
261 2250 345 2307 agros
365 2231 483 2288 invehit.
527 2229 617 2288 Indus
637 2235 712 2301 vero,
728 2231 779 2307 qui
799 2239 843 2289 est
864 2233 994 2289 omnium

150 2311 303 2369 fluminum
322 2311 472 2381 maximus,
485 2329 544 2366 non
561 2329 635 2387 aqua
651 2309 743 2368 solum
761 2329 844 2386 agros
860 2311 995 2368 laetificat

151 2398 180 2449 et
200 2391 326 2468 mitigat,
345 2391 395 2448 sed
415 2409 465 2448 eos
486 2391 571 2448 etiam
594 2390 736 2447 conserit:
761 2409 895 2467 magnam
918 2391 994 2448 enim

150 2472 209 2528 vim
233 2471 376 2529 seminum
398 2489 495 2528 secum
512 2470 651 2527 frumenti
670 2469 807 2526 similium
824 2470 930 2527 dicitur
948 2471 995 2527 dc-

151 2558 275 2628 portaro.
315 2556 381 2608 131.
400 2550 548 2626 Multaque
563 2549 618 2606 alia
632 2548 694 2606 aliis
708 2549 738 2608 in
752 2548 808 2606 loci
822 2568 995 2606 commemo-

150 2631 251 2688 rabilia
270 2631 399 2707 proferre
419 2648 546 2706 possum,
560 2629 668 2687 multos
688 2629 798 2687 fertiles
819 2649 903 2705 agros
924 2628 995 2686 alios

150 2711 271 2768 aliorum
286 2711 442 2768 fructuum.
478 2709 556 2767 Llll.
576 2709 634 2767 Sed
648 2709 696 2765 illa
710 2715 818 2786 quauta
833 2709 995 2786 benignitas

150 2798 275 2861 naturae,
289 2790 368 2868 quod
388 2797 448 2849 tam
468 2789 560 2847 multa
580 2789 616 2846 ad
633 2789 814 2860 vescendum,
826 2795 886 2846 tam
908 2789 993 2860 traria,

149 2879 209 2928 tam
227 2871 353 2928 iucunda
369 2870 472 2948 gignit,
482 2888 580 2946 neque·
596 2887 630 2925 ea
646 2888 704 2926 uno
721 2875 852 2946 tempore
873 2869 949 2939 anni,
961 2876 994 2927 ut

150 2970 263 3029 semper
277 2959 306 3009 et
316 2952 445 3008 novitate
459 2949 634 3006 delectemur
647 2954 677 3005 et
687 2949 786 3024 copia!
820 2948 913 3017 Quam
924 2955 995 3005 tern-

149 3032 278 3109 pestivos
294 3039 390 3088 autem
407 3029 497 3099 dedit,
510 3047 594 3104 quam
613 3027 747 3084 salutares
764 3047 823 3085 non
839 3028 928 3084 modo
945 3027 995 3084 ho-

149 3113 271 3182 minum,
282 3111 333 3168 sed
343 3111 430 3168 etiam
440 3109 583 3186 pecudum
598 3107 704 3181 generi,
715 3107 750 3163 iis
765 3107 889 3185 denique
904 3108 995 3164 omni-

150 3190 213 3263 bus,
223 3211 295 3269 quac
300 3191 435 3249 oriuntur
444 3209 459 3246 e
468 3195 550 3258 terra,
556 3193 657 3244 ventos
666 3185 784 3259 Etesiae,
794 3207 914 3265 quorum
925 3185 994 3243 flatu
