2220 3432
148 118 180 163 48
371 112 421 160 Dll
437 111 588 160 NATURA
605 111 765 161 DEORUM.

148 213 293 274 explicatur.
331 210 431 258 Tertiae
449 208 505 257 hnic
525 209 699 272 disputationis
719 211 783 273 perti
803 212 923 262 subicitur
939 223 995 263 tnn-

147 279 204 327 ‹lem
216 293 253 337 ea,
264 291 329 339 quse
340 276 415 323 istam
427 283 524 323 tantam
536 289 617 322 rerum
632 275 786 324 molitionem
798 277 905 327 hominis
917 295 995 330 cansa

147 345 239 392 factam
251 357 304 390 esse
317 341 479 398 demonstrat,
490 339 669 402 hominumque
680 343 818 391 commodis
828 344 931 394 mirifice
940 361 996 395 esse

147 425 162 456 u
174 409 220 456 deo
231 408 364 470 provisum,
374 405 400 454 id
413 406 478 469 quod
491 414 608 468 quattuor
619 408 770 466 argumentis
780 408 815 467 tit,
826 423 930 471 quorum
943 413 995 473 pri-

147 489 216 522 mum
228 473 329 521 ductum
342 480 380 520 est
391 487 407 519 a
418 472 526 533 corporis
538 471 641 519 humani
653 481 784 534 structura,
795 473 899 522 alterum
912 491 927 523 a
938 491 995 538 per-

147 539 294 588 fectionibus
303 537 389 598 animi,
400 537 500 586 tertium
508 537 540 584 ab
549 537 665 598 utilitate,
676 552 749 600 quam
761 553 800 588 res
809 555 865 588 cum
874 541 995 590 caelestes

147 614 199 653 tum
213 613 340 653 terrestres
355 603 496 650 homiuibus
510 601 631 660 adferunt,
645 612 759 666 quartum
775 603 880 668 danique
893 607 924 654 ab
937 607 994 655 illu-

147 671 242 730 stn'um,
252 669 339 732 quibus
347 669 372 716 di
380 667 555 728 consuluerint,
565 669 692 716 hominum
700 669 828 734 exemplis
835 686 888 732 cap.
899 673 991 733 33-66,

147 735 161 794 ξ
177 737 283 784 83-167.
320 735 435 798 Denique
452 734 520 782 brevi
533 734 688 796 peroratione
705 735 870 798 concluditur,
882 751 935 800 cap.
949 741 991 800 67,

189 927 212 986 Ι.
236 933 262 986 1.
281 927 361 997 Quae
378 946 445 985 cum
462 927 550 985 Cotta
566 927 692 998 dixisset,
703 933 766 985 tum
780 929 924 988 Velleius:
947 932 994 990 Ne

148 1027 211 1086 egn,
227 1009 331 1086 inquit,
347 1008 486 1080 incautus,
500 1008 550 1084 qui
567 1027 632 1065 cum
649 1006 824 1067 Academico
843 1021 871 1067 ct
887 1013 991 1070 eodem

148 1089 262 1147 rhetore
277 1087 414 1164 congredi
429 1095 547 1146 conatus
562 1089 633 1146 siml
675 1088 751 1146 Nam
768 1109 860 1166 neque
875 1091 994 1149 indiser-

147 1176 211 1226 tum
226 1168 435 1226 Academicum
452 1168 662 1244 pertimuissem
680 1187 732 1226 nec
750 1169 811 1226 sine
827 1170 882 1228 ista
898 1172 994 1248 philo-

148 1249 251 1326 sophia
268 1248 410 1306 rhetorem
429 1249 559 1325 quamvis
579 1248 779 1325 eloquentem:
800 1269 893 1328 neque
914 1253 993 1310 enirn

147 1329 266 1387 flumine
288 1329 444 1386 conturbor
460 1329 589 1385 inanium
606 1328 758 1385 verborum
779 1349 831 1387 nec
853 1331 994 1390 subtilita-

147 1418 176 1468 te
191 1410 405 1481 sententiarum,
417 1409 441 1465 si
456 1408 593 1466 orationis
607 1415 650 1466 est
664 1409 784 1467 siccitas
826 1410 870 1468 Tu
885 1419 993 1485 autem,

147 1491 242 1562 Cotta,
256 1497 376 1566 utraque
395 1509 425 1546 re
439 1488 570 1546 valuisti:
592 1508 698 1546 corona
711 1489 765 1547 tibi
780 1496 809 1547 et
823 1490 931 1548 iudices
945 1493 994 1550 de-

147 1571 273 1629 fuerunt.
317 1569 375 1627 Sed
397 1569 434 1626 ad
451 1569 507 1626 ista
527 1569 613 1626 alies:
634 1588 710 1626 nuuc
728 1569 878 1641 Lucilium,
894 1572 918 1628 si
935 1573 992 1647 ipsi

147 1650 334 1708 commodum
353 1649 572 1720 est,audiamus.
617 1655 643 1706 2.
662 1648 737 1706 Tum
754 1649 879 1709 Balbus:
917 1653 994 1710 Eun-

147 1731 214 1788 dem
232 1730 367 1807 equidem
385 1729 501 1786 mallem
518 1729 615 1786 audire
633 1729 758 1801 Cottam,
771 1729 849 1802 dum,
862 1750 919 1808 qua
935 1732 993 1789 elo-

148 1811 265 1887 quentia
289 1809 377 1866 falsos
402 1808 471 1866 deos
496 1809 619 1880 sustulit,
638 1809 738 1867 eadem
760 1829 842 1868 veros
863 1811 990 1870 inducat.

146 1891 199 1948 1111
222 1890 299 1948 enim
322 1897 352 1947 et
374 1888 541 1966 philosophi
563 1896 593 1946 et
614 1889 759 1966 pontificis
779 1897 809 1948 et
829 1891 931 1950 Cottae
954 1893 991 1950 de

146 1971 191 2026 dis
209 1969 420 2027 immortalibus
438 1968 541 2026 habere
558 1987 617 2025 non
635 1977 773 2027 errantem
792 1978 821 2028 11
834 1991 946 2048 vagam,
957 1981 992 2030 ut

147 2050 322 2122 Academici,
332 2049 390 2121 sed,
401 2056 434 2106 ut
445 2049 545 2119 nostri,
556 2048 687 2106 stabilem
702 2057 865 2128 certamque
879 2059 996 2110 senten:

147 2131 225 2188 tiam.
268 2129 344 2187 Nam
359 2138 459 2188 contra
470 2129 626 2207 Epicurum
643 2131 711 2186 satis
725 2149 865 2208 superque
880 2131 990 2190 dictum

147 2218 197 2268 est.
241 2209 299 2268 Sed
315 2210 405 2269 haveo
427 2210 525 2268 audire
543 2217 575 2267 tu
592 2210 662 2285 ipse,
678 2210 771 2281 Cotta,
788 2211 858 2287 quid
875 2213 990 2270 sentias

146 2292 204 2363 An,
222 2291 325 2368 inquit,
344 2291 451 2348 oblitus
476 2310 506 2347 11
529 2290 600 2367 quid
622 2289 706 2346 initio
729 2290 859 2361 dixerim,
876 2292 991 2349 facilius

148 2391 201 2442 1111,
217 2371 322 2429 talibus
338 2371 506 2448 praesertim
525 2370 561 2427 de
578 2369 670 2439 rebus,
688 2369 756 2442 quid
773 2387 831 2426 non
854 2372 989 2429 sentirem

148 2471 233 2528 quam
255 2451 325 2529 quid
343 2452 475 2509 sentirem
495 2469 578 2527 posse
600 2449 709 2506 dicercl
751 2456 776 2507 3.
799 2449 992 2518 (11οά1111-

147 2531 243 2588 berem
260 2532 369 2609 aliquid
384 2530 461 2608 quod
476 2531 605 2607 liqueret,
618 2537 714 2586 tamen
729 2537 758 2587 te
772 2530 897 2588 vicissim
912 2532 992 2588 audi-

146 2631 176 2668 re
191 2612 300 2682 vellem,
313 2631 378 2668 cum
393 2612 455 2688 ipse
469 2617 529 2668 tam
543 2611 635 2667 multa
649 2609 792 2668 dixissem.
835 2611 910 2668 Tum
925 2611 992 2668 Bal-

147 2691 216 2748 bus:
238 2691 343 2748 Geram
360 2690 414 2747 tibi
431 2710 541 2747 morem
563 2697 592 2748 et
612 2709 694 2767 agam
718 2709 804 2767 quam
824 2689 991 2748 brevissime

148 2779 265 2847 potero:
288 2771 395 2827 etenim
409 2770 548 2828 convictis
562 2771 680 2847 Epicuri
695 2770 837 2830 erroribus
851 2771 938 2848 longa
954 2772 991 2828 de

147 2870 211 2908 mea
225 2849 420 2926 disputatione
434 2851 561 2908 detracta
575 2851 666 2908 oratio
684 2858 734 2908 ost.
777 2851 905 2909 Omnino
920 2850 992 2908 divi-

148 2931 222 2987 dunt
239 2930 330 2987 nostri
346 2937 438 2988 totam
456 2931 540 2989 istam
561 2931 597 2989 de
618 2931 663 2988 dis
679 2931 890 2988 immortalibus
908 2950 992 3007 quae-

148 3011 271 3067 stionem
293 3011 323 3066 in
345 3018 440 3088 partes
462 3019 605 3090 quattuor.
648 3011 779 3068 Primum
802 3011 908 3069 docent
930 3030 992 3068 esse

149 3089 226 3158 deos,
245 3090 348 3149 deinde
370 3093 465 3169 quales
490 3094 556 3163 sint,
575 3100 638 3149 tum
663 3091 803 3148 mnndum
825 3092 918 3150 abiis
943 3093 992 3150 ad-

148 3171 311 3242 ministrari,
329 3182 473 3248 postremo
499 3172 644 3230 consulere
670 3191 720 3228 cos
741 3171 826 3228 rcbus
846 3173 990 3230 humanis.
