2220 3432
232 125 301 176 nm.
318 125 351 187 1.‚
363 124 442 176 cnr.
456 125 767 190 xxxvr.-xxxrx.,§
787 131 906 180 roa-roo.
956 134 989 180 aa

146 227 213 285 dem
235 228 297 285 esti
338 227 413 284 Nam
436 228 591 286 sitantum
613 229 702 286 modo
725 229 762 286 ad
783 231 988 307 cogitationem

146 308 242 365 valent
265 327 317 365 nec
341 306 449 366 habent
473 308 560 366 ullam
585 308 758 366 soliditatem
784 329 836 367 nee
864 312 990 370 eminen-

146 387 225 459 tiam,
242 387 312 464 quid
328 388 447 446 interest
463 396 560 445 utrum
582 388 619 446 de
640 388 878 466 Hippocentauro
899 410 936 448 an
953 392 989 449 de

146 467 201 524 deo
226 467 403 544 cogitemusl
432 487 547 525 emnem
572 469 649 525 eninr
674 469 760 527 talem
785 470 989 528 conformatio-

145 566 211 604 nem
229 547 319 604 animi
336 549 422 605 ceteri
436 547 602 625 philosophi
619 555 731 606 motum
746 550 859 608 inanem
875 557 987 622 vocant,

145 634 308 685 vosautem
327 628 481 685 adventum
500 628 529 684 in
547 629 659 686 animos
676 638 705 687 et
720 630 871 688 introitum
888 631 990 708 imagi·

145 726 216 764 num
233 707 337 766 dicitis
382 713 447 765 106.
470 708 514 766 Ut
528 708 625 785 igitur,
637 708 681 766 Ti.
693 710 854 768 Gracchum
869 730 935 768 cum
950 711 990 767 vi-

145 787 216 844 deor
229 788 445 844 contionantem
460 789 488 844 in
504 787 650 866 Capitolio
661 790 756 848 videre
771 791 807 848 de
818 791 857 849 M.
868 790 988 849 Octavio

145 867 323 924 deferentem
347 867 477 940 sitellam,
495 874 558 926 tum
581 889 646 926 eum
669 878 782 928 motum
807 871 897 928 animi
922 870 988 928 dieo

145 965 206 1004 esse
223 947 346 1018 inanem,
362 955 395 1006 tu
416 956 512 1006 autem
529 955 559 1007 et
575 949 697 1007 Gracchi
714 959 743 1008 et
759 951 872 1009 Octavii
888 951 990 1027 imagi-

145 1045 197 1083 nes
213 1045 365 1097 remanere‚
379 1047 460 1105 quae,
475 1029 506 1085 in
522 1028 698 1106 Capitolium
716 1050 781 1087 cum
798 1032 987 1107 pervenerint,
1053 1049 1061 1063 ·

144 1113 209 1164 tum
226 1107 263 1163 ad
279 1107 409 1164 animum
425 1128 522 1166 meum
540 1109 707 1181 referantur,
719 1110 775 1167 hoe
790 1110 866 1167 idern
882 1110 942 1167 lieri
957 1111 987 1166 in

145 1187 210 1256 deo,
223 1187 303 1244 cuius
319 1187 417 1245 crebra
433 1189 507 1245 faeie
523 1189 666 1266 pellantur
687 1189 783 1261 animi,
796 1210 830 1248 ex
853 1209 910 1267 quo
928 1210 988 1247 esse

145 1266 223 1324 beati
244 1273 329 1344 atque
351 1269 458 1326 aeterni
475 1268 684 1345 intellegantur.
728 1269 793 1327 107.
817 1270 872 1326 Fac
889 1271 989 1346 imagi-

146 1366 197 1403 ncs
219 1366 279 1404 esse
301 1347 405 1424 quibus
427 1347 577 1424 pulsentur
597 1349 694 1420 animi,
710 1350 818 1425 speeies
839 1349 990 1407 dumtaxat

146 1426 271 1483 obicitur
291 1426 440 1503 quaedam,
458 1447 517 1484 non
538 1429 626 1485 etiam
647 1447 697 1485 cur
716 1448 750 1485 ea
770 1429 854 1486 beata
878 1429 923 1499 sit,
939 1447 989 1486 cur

146 1513 268 1564 aeterna.
311 1506 391 1574 Quae
418 1513 513 1564 autem
539 1508 610 1565 istae
637 1508 778 1585 imagines
802 1514 910 1566 vestrae
938 1516 989 1566 aut

146 1585 242 1643 undel
278 1585 307 1642 A
320 1585 489 1644 Democrito
504 1588 624 1643 omnino
637 1586 707 1645 haec
722 1587 845 1646 licentia.
888 1587 989 1646 Sedet

145 1665 194 1724 ille
208 1665 395 1743 reprehensus
409 1685 426 1724 a
438 1666 538 1723 multis
552 1674 596 1724 est
609 1687 662 1725 nec
673 1687 724 1724 vos
735 1668 844 1725 exitum
859 1668 989 1745 reperitis

145 1753 265 1823 totaque
279 1765 323 1804 res
334 1745 447 1803 vacillat
457 1753 486 1804 et
497 1746 645 1806 claudicat.
688 1748 764 1805 Nam
776 1748 845 1825 quid
857 1748 989 1826 estquod

145 1826 242 1884 minus
262 1826 377 1903 probari
398 1827 490 1903 possit
507 1847 591 1904 quam
614 1828 744 1885 omniurn
765 1828 796 1885 in
817 1848 863 1886 me
884 1828 990 1886 incide·

146 1926 177 1963 re
204 1907 353 1983 imagines,
371 1906 501 1977 Homeri,
524 1906 699 1980 Archilochi,
722 1908 847 1980 Romuli,
867 1907 987 1977 Numae,

146 1985 338 2064 Pythagorae,
351 1986 489 2056 Platonis,
501 2005 554 2044 nec
568 2005 602 2044 ea
614 1988 785 2064 formaque
798 1988 839 2045 illi
853 1989 990 2045 fueruntl

147 2065 212 2134 Quo
236 2066 326 2123 mode
351 2084 419 2143 ergo
444 2066 506 2123 ihil
536 2073 566 2124 et
590 2087 713 2144 quorum
738 2069 898 2145 imaginesl
938 2067 990 2126 Or-

146 2146 253 2224 pheum
268 2150 386 2222 poetam
402 2146 486 2204 docet
500 2146 670 2204 Aristoteles
684 2167 842 2224 numquam
856 2148 945 2204 fuisse
960 2154 993 2220 et¹

146 2225 203 2283 hoc
219 2225 378 2302 Orphicum
400 2245 514 2283 carmen
531 2225 709 2304 Pythagorei
725 2227 823 2284 ferunt
840 2227 988 2285 cuiusdam

146 2305 237 2363 fuisse
253 2305 397 2382 Cercopia
439 2306 482 2362 At
498 2305 639 2382 Orpheae,
650 2306 682 2363 id
699 2313 749 2378 est,
762 2308 858 2383 imago
875 2307 944 2376 eius,
957 2314 990 2363 ut

147 2405 200 2443 vos
216 2385 310 2457 vultiS,
326 2387 356 2443 in
378 2386 507 2443 animum
529 2405 626 2443 meum
649 2406 733 2463 saepe
751 2387 892 2452 incurrit„
922 2392 987 2444 108.

148 2463 235 2534 Quid,
246 2465 324 2542 quod
338 2466 464 2523 eiusdem
480 2464 606 2522 hominis
622 2467 652 2523 in
669 2485 765 2524 meum
783 2465 945 2536 aliaeeliae
960 2466 988 2521 in

147 2546 250 2603 tuuml
271 2545 349 2622 quid,
360 2545 439 2622 quod
450 2564 546 2602 carum
561 2565 664 2616 rerum,
676 2565 747 2622 quae
758 2564 916 2622 numquam
931 2564 991 2601 om-

148 2626 218 2682 nino
242 2626 360 2683 fuerunt
384 2644 476 2702 neque
501 2645 561 2682 esse
585 2633 749 2702 potuerunt,
768 2633 801 2682 ut
822 2625 941 2701 Scyllae,
957 2638 990 2681 ut

148 2705 335 2762 Chimaerae?
356 2705 434 2782 quid,
450 2705 529 2782 quod
549 2705 709 2777 hominum,
724 2705 861 2773 locorum,
875 2704 989 2761 urbium

148 2804 254 2856 earum,
274 2804 343 2861 quas
364 2803 521 2860 numquam
540 2786 682 2842 vidimusl
703 2785 781 2862 quid,
800 2784 886 2861 quod,
905 2785 990 2841 simul

148 2883 181 2922 ac
205 2864 278 2922 mihi
303 2864 472 2922 collubitum
497 2871 548 2935 est,
566 2872 680 2942 praesto
705 2872 749 2922 est
771 2865 885 2940 imagol
910 2864 988 2940 quid,

149 2944 230 3022 quod
259 2944 346 3001 ctiam
381 2944 419 3001 ad
449 2945 639 3002 dormientem
670 2945 790 3001 veniunt
824 2945 990 3000 invocatae?

148 3023 225 3081 Tota
250 3043 303 3095 res,
321 3023 422 3094 Vellei,
444 3025 597 3099 nugatoria
625 3031 674 3080 cst.
717 3022 780 3081 Vos
807 3030 903 3080 autem
931 3041 990 3078 non

148 3103 238 3160 modo
261 3103 351 3161 oculis
372 3103 520 3180 imagines,
537 3102 689 3160 sedetiam
713 3102 816 3158 animis
832 3102 988 3159 inculcatis.

149 3183 244 3241 Tanta
257 3190 300 3241 est
314 3183 472 3260 impunitas
485 3182 636 3257 garriendi.
679 3181 823 3239 XXXIX.
865 3186 929 3237 109.
949 3181 990 3236 At
