2242 3436
268 127 336 174 LlB.
353 125 401 186 11,
416 125 493 174 CAP.
510 123 858 185 nvl1.-LIX.,§143-149.
955 129 987 175 99

147 227 295 284 distinctio
307 234 336 283 et
345 226 422 283 vocis
430 225 699 302 generapermulta:
718 244 853 282 canorum
863 225 986 297 fuscum,

146 307 208 364 leve
218 325 359 383 asperum,
369 325 454 380 grave
468 312 592 376 acutum,
603 304 726 362 flexibile
735 305 848 376 durum,
857 324 928 381 quae
940 306 989 363 ho-

146 388 259 442 minnm
273 385 366 442 solum
383 385 498 441 auribus
512 385 682 442 iudicantur.
725 385 902 461 Nariumque
917 387 987 443 item

147 474 176 524 et
192 465 327 542 gustandi
341 465 355 541 1
370 471 399 521 01
416 472 496 541 parte
512 464 649 540 tangendi
666 483 772 540 magna
789 464 894 522 indicia
911 474 985 525 sunt.

146 547 195 602 Ad
205 565 276 623 quos
288 564 385 602 sensus
396 544 550 620 capiendos
559 553 588 601 et
596 544 785 620 perfruendos
794 544 889 620 plures
901 547 987 603 etiam

147 644 234 702 quam
253 623 354 682 vellem
375 631 449 680 artes
469 631 596 700 repertae
618 631 692 681 snut.
735 623 923 702 Perspicuum
944 635 988 684 est

146 705 224 763 enim
239 724 296 781 qno
311 703 534 781 compositiones
548 711 769 780 ungnentorum,
783 724 840 782 quo
857 706 986 763 ciborum

146 785 338 854 condiciones,
362 804 419 861 qno
447 803 598 860 corporum
625 784 766 841 lenocinia
789 787 985 862 processerint.

146 865 224 922 LIX.
268 864 333 921 147.
356 863 418 920 Iam
439 883 505 920 vero
530 864 658 921 animum
684 865 778 941 ipsum
803 874 987 943 mentemque

87 968 89 974 ¹
146 945 280 1016 hominis,
300 945 449 1014 rationem,
468 944 627 1016 consilinm,
646 945 829 1022 prudentiam
854 947 904 1023 qui
927 966 986 1003 non

146 1025 244 1082 divina
260 1043 327 1081 cura
343 1025 471 1101 perfecta
487 1043 547 1081 esse
562 1025 706 1101 perspicit,
718 1026 743 1082 is
756 1025 802 1083 his
815 1026 886 1103 ipsis
903 1026 987 1083 rebus

145 1105 219 1162 mihi
236 1105 348 1161 videtur
368 1124 469 1162 carere.
511 1103 557 1162 De
579 1125 636 1182 qno
654 1106 723 1162 dum
741 1106 894 1181 disputem,
907 1113 986 1163 tuam

145 1185 219 1241 mihi
235 1185 297 1241 dari
314 1183 408 1256 velim,
421 1184 516 1255 Cotta,
529 1185 730 1262 eloquentiam.
774 1185 838 1254 Quo
860 1187 936 1242 euim
953 1195 986 1243 tn

146 1265 195 1322 illa
210 1265 298 1322 modo
315 1264 439 1323 diceres!
462 1273 569 1342 quanta
585 1267 710 1343 primum
725 1265 928 1342 intellegentia,
941 1266 987 1322 de-

145 1345 214 1402 iude
228 1347 463 1422 consequentium
479 1365 571 1402 rerum
588 1346 764 1423 cumprimis
778 1346 943 1403 coniunctio
958 1355 987 1403 et

145 1424 363 1502 comprehensio
378 1432 452 1482 esset
466 1425 494 1482 in
510 1425 593 1482 nobis
608 1445 642 1482 ex
657 1444 714 1502 quo
726 1425 857 1482 videlicet
872 1424 987 1502 quidex

147 1505 306 1582 quibusque
318 1504 401 1562 rebus
413 1505 551 1562 efficiatur
561 1506 648 1582 idque
659 1505 769 1562 ratione
780 1505 985 1575 concludimus,

146 1585 328 1662 singulasque
343 1604 387 1642 res
398 1585 550 1642 definimus
565 1585 834 1661 circumscripteque
848 1584 988 1661 complec-

145 1665 242 1736 timur,
255 1685 290 1722 ex
305 1685 362 1742 quo
377 1665 497 1722 scientia
511 1664 687 1741 intellegitur
701 1683 785 1742 quam
801 1665 859 1720 vim
871 1664 985 1740 babeat,

147 1744 239 1822 qualis
250 1745 295 1815 sit,
307 1764 363 1822 qua
377 1765 412 1802 ne
424 1746 453 1801 in
468 1745 523 1802 deo
535 1745 651 1821 quidem
666 1752 709 1802 est
720 1764 764 1801 res
778 1744 835 1802 ulla
845 1751 988 1821 praestan-

145 1826 210 1882 tior.
254 1824 368 1893 Quanta
381 1844 448 1882 vero
462 1824 512 1881 illa
526 1831 601 1894 suut,
614 1844 685 1901 quae
700 1844 751 1881 vos
766 1825 931 1882 Academici
946 1826 988 1881 in·

145 1905 266 1962 firmatis
281 1912 310 1962 et
319 1905 429 1975 tollitis,
441 1905 519 1981 quod
533 1911 562 1961 et
573 1904 702 1961 sensibus
715 1912 744 1962 et
755 1904 852 1961 animo
866 1925 907 1975 ea,
916 1924 988 1982 quae

146 1993 227 2041 extra
237 1991 311 2055 sunt,
320 1985 494 2061 percipimus
505 1991 591 2061 atque
602 1983 887 2060 comprehendimus!
921 1991 986 2042 148.

146 2064 190 2122 Ex
208 2063 311 2141 quibus
329 2063 440 2121 collatis
457 2065 532 2122 inter
548 2083 577 2122 se
595 2070 624 2120 et
640 2065 812 2140 comparatis
829 2071 903 2122 artes
921 2085 989 2141 quo-

147 2164 202 2223 que
217 2142 355 2201 efficimus
369 2144 473 2220 partim
489 2144 526 2200 ad
540 2163 622 2200 nsum
635 2143 718 2214 vitae,
729 2144 834 2220 partim
848 2145 885 2201 ad
897 2144 988 2202 oblec-

146 2224 285 2281 tationem
296 2224 474 2281 necessarias.
511 2222 571 2280 lam
580 2243 647 2280 vero
659 2223 776 2280 domina
786 2244 888 2295 rernm,
897 2233 929 2280 nt
938 2245 989 2280 vos

147 2303 245 2361 soletis
256 2303 358 2373 dicere,
367 2303 520 2381 eloquendi
531 2304 574 2359 vis
586 2323 670 2380 quam
686 2310 729 2360 est
739 2303 882 2380 praeclara
892 2323 989 2380 qnam-

148 2403 203 2461 qne
217 2383 330 2440 divina!
353 2403 425 2460 quae
439 2384 565 2459 primum
580 2383 667 2440 efficit
680 2389 713 2439 ut
727 2391 756 2439 ct
770 2401 810 2451 ea,
824 2402 895 2459 quae
910 2383 990 2459 igno-

146 2483 250 2535 ramus
263 2463 370 2520 discere
388 2471 417 2520 et
431 2482 557 2540 eaquae
572 2463 685 2533 scimus,
698 2462 768 2519 alios
786 2462 886 2519 docere
901 2465 989 2538 possi-

147 2563 219 2601 mus.
269 2543 383 2600 Deinde
407 2542 460 2599 hac
485 2543 676 2609 cohortamur,
699 2540 752 2598 hac
776 2541 988 2618 persuademus,

147 2624 201 2681 hac
218 2622 400 2680 consolamur
416 2621 555 2692 adflictos,
567 2621 621 2678 hac
639 2621 806 2678 deducimus
823 2622 990 2698 perterritos

74 2753 79 2761 .
146 2724 164 2760 a
180 2704 293 2773 timore,
306 2702 359 2759 hac
373 2703 528 2779 gestientes
543 2701 768 2778 comprimimus,
781 2700 833 2777 hac¹
850 2700 990 2776 cupidita-

146 2792 190 2841 tes
202 2782 418 2858 iracundiasque
429 2781 641 2858 restinguimus,
652 2779 721 2836 baec
733 2800 785 2836 uos
796 2781 872 2851 iuris,
883 2781 988 2856 legum,

147 2863 262 2920 urbium
277 2862 412 2919 societate
427 2862 564 2931 devinxit,
575 2860 644 2917 baec
659 2860 745 2916 avita
755 2860 875 2917 immani
890 2869 918 2917 et
929 2861 990 2916 fera

147 2943 316 3019 segregavit.
361 2947 426 2998 119.
442 2942 491 2998 Ad
509 2959 592 2996 nsum
610 2946 706 2996 autem
724 2939 860 2997 orationis
871 2940 990 2996 incredi-

146 3022 204 3080 bile
222 3029 273 3092 est,
285 3021 336 3078 ubi
352 3021 506 3098 diligenter
527 3019 690 3088 attenderis
704 3026 809 3094 quauta
827 3039 912 3094 opera
931 3039 990 3075 ma-

147 3103 264 3160 chiuata
273 3108 375 3158 natura
386 3101 431 3157 sit.
466 3100 597 3157 Primum
609 3098 684 3154 enim
698 3097 908 3172 apulmonibns
920 3105 990 3154 arte-

146 3184 190 3240 ria
200 3199 290 3258 usque
304 3180 342 3238 ad
353 3199 385 3237 os
396 3179 530 3237 intimum
542 3177 675 3254 pertinet,
685 3195 737 3254 per
751 3195 836 3255 quam
848 3197 902 3234 vox
914 3177 990 3254 priu-

1063 3283 1111 3406 A
