2224 3446
109 139 158 186 260
445 137 493 184 DE
510 135 611 186 FATO.

109 259 160 296 cur
176 238 217 294 ita
233 237 380 308 accideret,
393 236 451 308 sed,
464 237 543 314 quod
559 237 600 293 ita
617 237 631 313 l
646 238 801 308 accidisset,
814 245 889 296 certe
906 258 949 296 ca-

109 337 215 388 surum,
236 318 309 375 sicut
331 317 442 387 cecidit,
462 317 526 374 fuit.
577 323 623 374 20.
646 317 707 374 Nec
729 318 758 387 ii,
779 318 828 394 qui
848 317 950 377 dicunt

109 397 300 456 immutabilia
318 416 378 454 esse
399 416 470 474 qnae
487 397 586 454 futura
607 397 664 453 sint
681 416 733 454 neo
750 416 833 473 posse
850 417 950 455 verum

108 480 238 538 futurum
254 483 416 535 convertere
430 477 460 533 in
474 476 587 544 falsum,
600 476 654 532 fati
669 477 866 534 necessitatem
883 497 951 536 con·

108 558 231 628 firmant,
249 558 298 614 sod
317 556 468 614 verborum
486 556 544 612 vim
563 557 793 632 interpretantur.
835 556 877 614 At
899 559 949 635 qui

107 637 295 695 introducunt
311 655 458 696 cansarum
479 636 580 692 seriem
601 636 811 711 sempiternam,
829 637 851 693 ii
870 657 950 694 men·

107 725 166 774 tem
188 717 314 773 hominis
333 715 479 773 voluntate
499 714 589 772 libera
609 715 760 792 spoliatam
780 717 949 774 necessitate

107 798 162 856 fati
175 796 347 854 devinciunt.

147 877 184 934 X.
214 874 271 932 Sed
298 875 367 932 haee
395 875 540 934 hactenus·
583 875 651 933 Alia
674 875 828 933 videamus.
874 875 950 932 Con-

106 955 198 1012 cludit
219 956 296 1012 onim
319 953 499 1032 Chrysippus
521 955 576 1012 hoc
598 956 702 1013 modo:
734 955 765 1012 Si
787 962 831 1012 est
852 963 949 1013 motus

107 1037 168 1092 sine
189 1054 280 1106 cansa,
298 1054 357 1091 non
374 1037 468 1092 omnis
488 1035 657 1104 enuntiatio,
673 1036 750 1111 quod
767 1037 874 1111 ἀξίωμα
890 1036 949 1092 dia·

107 1115 201 1173 lectici
225 1114 377 1191 appellant,
400 1122 450 1172 aut
473 1135 539 1172 vera
563 1122 613 1172 aut
635 1115 707 1172 falsa
731 1116 792 1173 erit.
842 1115 949 1172 Causas

107 1197 184 1252 enim
202 1194 356 1253 efficientes
370 1195 449 1272 quod
462 1215 520 1252 non
534 1195 660 1265 habebit,
672 1194 703 1251 id
717 1215 769 1252 neo
783 1214 881 1252 verum
895 1214 948 1252 nec

107 1275 212 1333 falsum
230 1275 290 1332 erit.
333 1274 436 1333 Omnis
453 1282 547 1332 autem
570 1275 730 1332 enuntiatio
747 1281 797 1332 aut
813 1294 878 1332 vera
899 1281 949 1331 aut

107 1356 180 1412 falsa
201 1363 251 1412 est.
294 1354 391 1412 Motus
413 1373 481 1431 ergo
504 1357 565 1412 sine
586 1374 670 1411 eausa
690 1354 785 1411 nullus
806 1361 856 1412 est.
899 1360 946 1414 nl.

108 1435 194 1502 Quod
210 1436 234 1493 si
248 1435 289 1491 ita
305 1440 356 1506 est,
372 1436 477 1505 omnia,
493 1455 565 1512 quae
581 1434 663 1504 fiunt,
676 1435 767 1492 causis
782 1433 857 1491 fiunt
872 1441 950 1491 ante-

107 1516 218 1588 gressis.
261 1514 296 1571 Id
318 1515 341 1571 si
363 1515 405 1571 ita
426 1523 477 1586 est,
495 1515 592 1572 omnia
613 1515 676 1571 fato
696 1513 777 1572 fiunt.
819 1513 950 1570 Efficitru·

108 1595 197 1669 igitur
210 1595 272 1652 fato
286 1593 347 1651 fieri
362 1613 556 1672 quaecumque
570 1594 647 1652 fiant.
684 1593 742 1650 Hie
756 1594 882 1670 primum
898 1588 947 1670 [si]

108 1675 180 1731 mihi
192 1673 278 1732 libeat
291 1674 427 1732 adsentiri
438 1674 561 1751 Epicuro
576 1680 605 1730 et
616 1691 718 1749 negare
733 1692 848 1730 omnem
863 1692 950 1730 enun-

108 1755 258 1811 tiationem
281 1761 331 1811 ant
351 1773 446 1812 veram
469 1773 529 1811 esse
551 1761 601 1810 ant
622 1753 733 1822 falsam,
751 1772 813 1810 eam
834 1752 949 1829 plagam

108 1835 206 1910 potius
226 1835 362 1911 accipiam
381 1853 467 1910 quam
484 1835 545 1891 fato
563 1833 660 1890 omnia
675 1832 737 1889 fieri
754 1832 947 1908 comprobem.

109 1913 162 1970 Illa
178 1915 254 1970 enim
272 1915 413 1971 sententia
430 1913 537 1990 aliquid
551 1913 638 1970 habet
651 1912 864 1990 disputationis,
880 1911 949 1970 haec

109 2013 176 2049 voro
200 2012 258 2048 non
283 2001 326 2050 est
349 1993 512 2052 tolerabilis.
555 1993 656 2070 Itaque
678 1991 828 2048 contendit
850 2011 949 2048 omnes

109 2092 211 2129 nervos
227 2071 414 2149 Chrysippus
429 2081 462 2130 ut
478 2073 647 2150 persuadeat
667 2090 752 2128 omne
773 2071 879 2146 ἀξίωμα
900 2081 950 2129 ant

109 2172 208 2210 verum
225 2171 285 2210 esse
302 2159 351 2209 aut
367 2152 480 2209 falsum.
522 2152 567 2210 Ut
587 2153 662 2209 enim
681 2151 822 2227 Epicurus
838 2159 951 2208 veretur

109 2252 154 2303 ne,
177 2233 201 2290 si
224 2231 280 2288 hoc
303 2233 482 2303 concesserit,
503 2231 717 2289 eoncedendum
742 2231 780 2287 sit
803 2230 866 2288 fato
888 2230 950 2288 fieri

110 2331 304 2388 quaecumque
319 2311 453 2369 fiantesi
471 2312 547 2368 enim
564 2310 683 2369 alterum
701 2317 798 2368 utrum
814 2329 848 2366 ex
863 2317 951 2367 aeter-

110 2394 200 2450 nitate
215 2411 312 2450 verum
330 2393 375 2462 sit,
388 2411 447 2448 esse
462 2391 492 2449 id
506 2391 592 2448 etiam
609 2397 726 2460 certum,
739 2397 775 2458 et,
792 2390 816 2446 si
830 2396 948 2459 certum,

110 2473 197 2528 etiam
211 2472 415 2528 necessarium:
433 2472 474 2527 ita
487 2477 517 2527 et
526 2470 721 2527 necessitatem
738 2477 766 2526 et
776 2469 870 2526 fatum
885 2489 950 2526 con·

110 2551 216 2607 firmari
230 2551 393 2628 putat-sic
410 2550 589 2627 Chrysippus
605 2550 709 2606 metuit
725 2567 768 2617 ne,
785 2549 809 2605 si
825 2568 884 2605 non
902 2549 951 2605 oh

110 2631 237 2701 tinuerit,
252 2649 345 2700 omne,
362 2630 439 2706 qnod
456 2631 627 2699 enuntietur,
642 2637 691 2685 aut
708 2647 805 2684 verum
823 2647 883 2686 esse
900 2635 951 2685 aut

110 2709 222 2778 falsum,
233 2727 290 2764 non
303 2717 399 2765 teneat
413 2710 509 2765 omnia
519 2709 580 2765 fato
594 2708 656 2765 fieri
670 2714 742 2764 etex
758 2708 849 2764 causis
863 2714 950 2764 aeter-

110 2787 154 2840 nis
168 2806 261 2842 rerum
273 2788 441 2845 futurarum.
476 2794 521 2844 22.
541 2787 595 2844 Sed
608 2787 747 2863 Epicurus
759 2787 949 2844 declinatione

110 2865 199 2919 atomi
215 2866 299 2922 vitari
315 2866 370 2923 fati
386 2868 583 2923 necessitatem
597 2873 688 2942 putat.
731 2867 832 2942 Itaque
848 2868 950 2924 tertius

111 2941 227 3013 qnidam
247 2951 344 3000 motus
365 2946 456 3001 oritur
472 2953 551 3001 extra
567 2946 680 3021 pondus
697 2952 726 3001 et
741 2946 865 3022 plagam,
884 2965 950 3003 enm

110 3017 233 3074 declinat
243 3027 356 3077 atomus
370 3023 518 3079 intervallo
529 3025 666 3081 minimo:
685 3025 715 3081 id
726 3017 851 3101 appellat
861 3025 949 3102 ἐλάχ-

110 3114 201 3183 ιστον]
220 3115 306 3170 qaam
320 3100 539 3158 declinationem
557 3104 617 3159 sine
634 3122 718 3160 causa
735 3105 795 3161 lieri
813 3107 950 3163 siminus

111 3169 209 3239 rerba,
220 3191 250 3229 re
261 3176 374 3246 cogitur
384 3178 520 3237 confiteri.
553 3181 619 3237 Non
631 3183 707 3240 enim
719 3191 832 3242 atomus
843 3185 881 3243 ab
890 3193 950 3245 ato·
