2242 3436
122 110 169 158 134
351 109 400 157 Du
417 107 567 156 NATURA
584 107 745 157 DEORUM.

121 218 165 266 tra
175 209 260 266 deum
275 209 342 267 licet
357 209 502 286 disputare
516 208 639 266 liberius.
674 208 707 266 In
723 208 874 265 hominum
885 208 962 266 vitiis

120 289 162 346 ais
176 308 237 346 esse
251 288 373 366 culpam.
407 287 479 345 Eam
494 287 621 346 dedisses
632 287 798 345 hominibus
812 288 961 358 rationem,

121 388 192 446 quae
209 369 279 426 vitia
300 368 470 445 culpamque
489 368 658 425 excluderet.
701 366 761 424 Ubi
778 367 867 443 igitur
883 367 964 424 locus

120 448 178 506 fuit
192 449 280 506 errori
294 448 431 506 deoruml
472 448 548 506 Nam
562 447 736 524 patrimonia
752 465 802 522 spe
819 445 892 504 bene
908 453 964 502 tra·

119 527 207 586 dendi
219 528 413 605 relinquimus,
423 547 479 605 qua
492 546 644 604 possumus
657 525 736 583 falli:
755 526 825 583 deus
839 525 901 583 falli
912 527 963 602 qui

119 608 236 684 potuitl
276 608 325 665 An
346 615 379 664 ut
399 607 458 677 Sol,
473 609 503 664 in
525 625 638 664 currum
659 625 725 663 cum
746 605 963 663 Phaethontem

119 686 210 744 filium
226 687 349 758 sustulit,
361 695 411 744 aut
425 687 585 764 Neptunus,
598 705 663 743 cum
677 684 805 742 Theseus
819 684 965 762 Hippoly-

119 775 183 823 tum
200 767 334 843 perdidit,
347 785 412 824 cum
429 775 473 824 ter
490 765 610 842 optandi
629 785 646 821 a
662 764 800 842 Neptuno
817 773 898 842 patre
914 764 963 822 ha-

119 846 229 904 buisset
251 847 443 923 potestatem?
485 846 531 903 77.
554 845 711 903 Poetarum
736 845 792 902 ista
816 852 891 916 suut,
908 863 963 902 nos

120 933 216 983 autem
230 925 396 1003 philosophi
413 945 474 984 esse
489 924 628 994 volumus,
640 943 735 981 rerum
751 931 890 995 auctores,
901 943 962 981 non

119 1005 289 1063 fabularum.
332 1006 429 1083 Atque
445 1005 476 1063 hi
493 1013 590 1062 tamen
609 1005 665 1082 ipsi
680 1004 712 1061 di
728 1004 838 1081 poetici
854 1004 879 1061 si
895 1004 965 1061 scis·

120 1092 184 1143 sent
200 1085 359 1162 perniciosa
378 1086 441 1143 fore
462 1085 511 1142 illa
531 1085 604 1148 filiis.
620 1103 751 1161 peccasse
771 1084 802 1141 in
822 1082 962 1142 beneficio

119 1171 295 1243 putarentur.
337 1165 384 1236 Et,
394 1167 418 1222 si
433 1185 530 1223 verum
545 1173 597 1235 est,
610 1164 688 1242 quod
702 1164 801 1221 Aristo
816 1163 906 1222 Chius
920 1164 964 1221 di-

120 1265 182 1304 cere
203 1245 321 1316 solebat,
331 1265 433 1303 nocere
450 1245 633 1303 audientibus
649 1243 839 1322 philosophos
855 1244 898 1313 iis,
911 1244 962 1320 qui

120 1324 192 1383 bene
206 1325 285 1382 dieta
297 1326 371 1383 male
385 1326 654 1402 interpretarentur:
676 1343 760 1400 posse
774 1324 849 1381 enim
865 1331 962 1380 asotos

120 1425 154 1462 ex
164 1405 316 1481 Aristippi,
326 1404 442 1462 acerbos
453 1425 468 1462 e
479 1401 601 1462 Zenonis
615 1403 712 1461 schola
722 1404 814 1461 exire:
836 1422 960 1480 prorsus,

120 1485 144 1541 si
162 1485 212 1562 qui
228 1485 381 1543 audierunt
396 1485 494 1543 vitiosi
515 1491 609 1542 essent
629 1483 788 1554 discessuri,
801 1483 880 1561 quod
899 1502 963 1559 per-

121 1584 199 1622 verse
210 1563 448 1642 philosophorum
461 1564 686 1642 disputationem
697 1563 960 1640 interpretarentur,

120 1651 213 1701 tacere
230 1652 385 1720 praestaret
402 1643 582 1721 philosophis
597 1662 682 1721 quam
699 1643 743 1714 iis,
755 1643 804 1720 qui
821 1662 851 1700 se
869 1642 965 1700 audis-

120 1730 191 1795 sent,
202 1743 311 1781 nocere.
348 1725 393 1781 78.
410 1723 466 1793 Sic,
476 1725 500 1780 si
511 1724 642 1781 homines
656 1724 797 1781 rationem
807 1722 885 1780 bono
896 1741 964 1780 con·

120 1803 183 1860 silio
197 1823 215 1860 a
228 1803 273 1860 dis
287 1803 497 1861 immortalibus
512 1804 609 1860 datam
623 1804 653 1860 iu
665 1803 796 1860 fraudem
810 1802 963 1860 malitiam·

120 1902 175 1960 que
196 1890 375 1952 convertunt,
390 1903 448 1941 non
469 1884 531 1941 dari
547 1883 625 1940 illam
647 1902 732 1960 quam
754 1883 815 1941 dari
833 1882 961 1940 humano

119 1963 218 2040 generi
231 1962 333 2019 melius
346 1963 411 2020 fuit.
454 1963 507 2034 Ut,
517 1964 541 2020 si
555 1963 683 2020 medicus
697 1963 768 2021 sciat
785 1981 850 2020 eum
864 1981 962 2038 aegro-

119 2051 191 2114 tum,
204 2042 254 2120 qui
268 2042 360 2100 iussus
379 2043 416 2100 sit
431 2043 529 2100 vinum
547 2062 665 2113 sumere,
678 2043 816 2100 meracius
833 2049 964 2118 sumptu·

120 2142 183 2180 rum
198 2122 352 2199 statimque
366 2123 534 2199 periturum,
543 2142 649 2199 magna
662 2123 700 2179 sit
714 2123 743 2178 in
758 2122 849 2199 culpa,
863 2121 902 2178 sic
917 2141 962 2178 ve-

119 2210 178 2260 stra
197 2203 254 2261 ista
273 2202 454 2279 providentia
473 2202 715 2281 reprehendenda,
728 2221 799 2279 quae
820 2202 961 2260 rationem

119 2283 231 2341 dederit
247 2282 291 2353 iis,
305 2301 376 2359 quos
393 2284 488 2342 scierit
504 2303 538 2340 ea
553 2302 683 2360 perverse
700 2291 729 2339 et
746 2280 877 2358 improbe
897 2300 963 2338 usu-

119 2383 173 2423 ros.
216 2364 280 2421 Nisi
297 2364 373 2422 forte
389 2364 486 2422 dicitis
505 2382 569 2420 earn
588 2362 719 2420 nescisse.
761 2361 882 2420 Utinam
900 2361 962 2438 qui-

119 2444 202 2502 dem!
241 2444 298 2501 Sed
309 2464 367 2502 non
382 2443 532 2502 audebitis
569 2442 600 2500 N
601 2461 639 2499 on
653 2442 729 2499 enim
743 2441 846 2518 ignoro
861 2441 962 2518 quanti

119 2524 180 2582 eius
194 2543 300 2581 nomeu
314 2524 431 2600 putetis.

159 2601 289 2661 XXXII.
333 2604 348 2660 7
353 2610 378 2662 9.
398 2602 455 2660 Sed
468 2602 516 2660 hic
533 2601 649 2679 quidem
664 2601 743 2658 locus
757 2599 889 2658 concludi
903 2599 962 2657 iam

119 2691 225 2760 potest.
266 2682 343 2740 Nam
357 2683 381 2739 si
396 2682 518 2739 stultitia
534 2700 675 2739 consensu
692 2680 821 2738 omnium
836 2679 963 2756 philoso-

120 2763 243 2838 phorum
258 2762 350 2818 maius
361 2769 404 2819 est
414 2761 530 2832 malum,
540 2780 624 2838 quam
637 2761 659 2817 si
673 2760 770 2817 omnia
779 2759 855 2817 mala
865 2766 894 2818 et
904 2759 963 2817 for·

120 2852 206 2898 tunae
218 2849 246 2896 ct
257 2841 384 2916 corporis
395 2860 429 2898 ex
440 2840 528 2898 altera
538 2847 619 2917 parte
629 2846 781 2917 ponantur,
792 2840 960 2917 sapientiam

120 2925 217 2976 autem
231 2936 316 2975 nemo
334 2919 548 2997 adsequitur,in
565 2920 685 2976 summis
700 2920 784 2977 malis
801 2939 901 2976 omnes
918 2939 963 2976 su·

120 3017 193 3068 mus,
206 2996 309 3074 quibus
323 3018 374 3055 vos
390 3001 500 3077 optime
521 2999 684 3056 consultum
700 3018 717 3056 a
733 2999 779 3056 dis
795 2999 964 3056 immortali-

120 3076 175 3134 bus
192 3075 295 3134 dicitis.
337 3077 412 3136 Nam
430 3087 462 3136 ut
478 3078 551 3136 nihil
567 3079 687 3136 interest
702 3084 799 3135 utrum
816 3097 902 3136 nemo
916 3097 964 3135 va·

121 3155 178 3214 leat
192 3175 228 3212 an
242 3175 327 3215 nemo
341 3159 433 3236 possit
446 3159 546 3229 valere,
557 3159 598 3215 sic
611 3176 671 3214 non
684 3157 821 3234 intellego
836 3156 907 3234 quid
921 3157 965 3214 in·
