<?xml version="1.0" encoding="UTF-8"?>
<!DOCTYPE html PUBLIC "-//W3C//DTD XHTML 1.0 Transitional//EN"
    "http://www.w3.org/TR/xhtml1/DTD/xhtml1-transitional.dtd">
<html xmlns="http://www.w3.org/1999/xhtml" xml:lang="en" lang="en">
 <head>
  <title>
</title>
<meta http-equiv="Content-Type" content="text/html;charset=utf-8" />
  <meta name='ocr-system' content='tesseract 3.04.00' />
  <meta name='ocr-capabilities' content='ocr_page ocr_carea ocr_par ocr_line ocrx_word'/>
</head>
<body>
  <div class='ocr_page' id='page_1' title='image "./mtulliiciceroni106cicegoog/mtulliiciceroni106cicegoog_0043.png"; bbox 0 0 2220 3432; ppageno 0'>
   <div class='ocr_carea' id='block_1_1' title="bbox 108 107 723 158">
    <p class='ocr_par' dir='ltr' id='par_1_1' title="bbox 108 107 723 158">
     <span class='ocr_line' id='line_1_1' title="bbox 108 107 723 158; baseline 0.005 -4"><span class='ocrx_word' id='word_1_1' title='bbox 108 108 141 154; x_wconf 80' lang='lat'><strong>32</strong></span> <span class='ocrx_word' id='word_1_2' title='bbox 331 107 380 155; x_wconf 81' lang='lat' dir='ltr'><strong>DE</strong></span> <span class='ocrx_word' id='word_1_3' title='bbox 397 107 546 156; x_wconf 77' lang='lat' dir='ltr'>NATURA</span> <span class='ocrx_word' id='word_1_4' title='bbox 563 107 723 158; x_wconf 86' lang='lat' dir='ltr'><strong>DEORUM.</strong></span> 
     </span>
    </p>
   </div>
   <div class='ocr_carea' id='block_1_2' title="bbox 108 206 950 445">
    <p class='ocr_par' dir='ltr' id='par_1_2' title="bbox 108 206 950 445">
     <span class='ocr_line' id='line_1_2' title="bbox 108 206 950 288; baseline 0.007 -26"><span class='ocrx_word' id='word_1_5' title='bbox 108 206 228 264; x_wconf 84' lang='lat' dir='ltr'>mortale</span> <span class='ocrx_word' id='word_1_6' title='bbox 242 214 293 277; x_wconf 90' lang='lat' dir='ltr'><strong>est,</strong></span> <span class='ocrx_word' id='word_1_7' title='bbox 306 207 337 264; x_wconf 91' lang='lat' dir='ltr'><strong>id</strong></span> <span class='ocrx_word' id='word_1_8' title='bbox 350 227 403 265; x_wconf 89' lang='lat' dir='ltr'><strong>nec</strong></span> <span class='ocrx_word' id='word_1_9' title='bbox 417 207 504 264; x_wconf 84' lang='lat' dir='ltr'><strong>habet</strong></span> <span class='ocrx_word' id='word_1_10' title='bbox 518 227 570 264; x_wconf 90' lang='lat' dir='ltr'><strong>nec</strong></span> <span class='ocrx_word' id='word_1_11' title='bbox 584 207 701 266; x_wconf 77' lang='lat' dir='ltr'>exhibet</span> <span class='ocrx_word' id='word_1_12' title='bbox 714 209 847 286; x_wconf 90' lang='lat' dir='ltr'><strong>cuiquam</strong></span> <span class='ocrx_word' id='word_1_13' title='bbox 863 230 950 288; x_wconf 84' lang='lat' dir='ltr'><strong>nego-</strong></span> 
     </span>
     <span class='ocr_line' id='line_1_3' title="bbox 108 286 950 364; baseline 0.006 -21"><span class='ocrx_word' id='word_1_14' title='bbox 108 286 211 344; x_wconf 88' lang='lat' dir='ltr'><strong>tium.”</strong></span> <span class='ocrx_word' id='word_1_15' title='bbox 252 287 367 345; x_wconf 88' lang='lat' dir='ltr'>XXXI.</span> <span class='ocrx_word' id='word_1_16' title='bbox 390 287 426 345; x_wconf 92' lang='lat' dir='ltr'><strong>In</strong></span> <span class='ocrx_word' id='word_1_17' title='bbox 443 287 496 344; x_wconf 93' lang='lat' dir='ltr'><strong>hac</strong></span> <span class='ocrx_word' id='word_1_18' title='bbox 513 288 554 344; x_wconf 88' lang='lat' dir='ltr'><strong>ita</strong></span> <span class='ocrx_word' id='word_1_19' title='bbox 570 289 700 364; x_wconf 87' lang='lat' dir='ltr'><strong>exposita</strong></span> <span class='ocrx_word' id='word_1_20' title='bbox 718 290 860 346; x_wconf 88' lang='lat' dir='ltr'><strong>sententia</strong></span> <span class='ocrx_word' id='word_1_21' title='bbox 881 298 950 348; x_wconf 89' lang='lat' dir='ltr'><strong>sunt</strong></span> 
     </span>
     <span class='ocr_line' id='line_1_4' title="bbox 109 366 950 445; baseline 0.005 -22"><span class='ocrx_word' id='word_1_22' title='bbox 109 367 159 443; x_wconf 93' lang='lat' dir='ltr'><strong>qui</strong></span> <span class='ocrx_word' id='word_1_23' title='bbox 173 366 344 438; x_wconf 81' lang='lat' dir='ltr'><strong>existiment,</strong></span> <span class='ocrx_word' id='word_1_24' title='bbox 356 367 435 444; x_wconf 90' lang='lat' dir='ltr'><strong>quod</strong></span> <span class='ocrx_word' id='word_1_25' title='bbox 445 367 492 424; x_wconf 90' lang='lat' dir='ltr'><strong>ille</strong></span> <span class='ocrx_word' id='word_1_26' title='bbox 503 367 615 424; x_wconf 81' lang='lat' dir='ltr'><strong>inscitia</strong></span> <span class='ocrx_word' id='word_1_27' title='bbox 629 367 713 444; x_wconf 90' lang='lat' dir='ltr'><strong>plane</strong></span> <span class='ocrx_word' id='word_1_28' title='bbox 727 369 864 445; x_wconf 91' lang='lat' dir='ltr'><strong>loquendi</strong></span> <span class='ocrx_word' id='word_1_29' title='bbox 875 371 950 427; x_wconf 72' lang='lat' dir='ltr'><strong>fece</strong></span> 
     </span>
    </p>
   </div>
   <div class='ocr_carea' id='block_1_3' title="bbox 28 446 949 518">
    <p class='ocr_par' dir='ltr' id='par_1_3' title="bbox 28 446 949 518">
     <span class='ocr_line' id='line_1_5' title="bbox 28 446 949 518; baseline 0.005 -16"><span class='ocrx_word' id='word_1_30' title='bbox 28 447 30 453; x_wconf 78' lang='grc'><em>’</em></span> <span class='ocrx_word' id='word_1_31' title='bbox 108 447 153 518; x_wconf 89' lang='lat' dir='ltr'><strong>rit,</strong></span> <span class='ocrx_word' id='word_1_32' title='bbox 166 447 267 505; x_wconf 82' lang='lat' dir='ltr'><strong>fecisse</strong></span> <span class='ocrx_word' id='word_1_33' title='bbox 284 447 432 505; x_wconf 89' lang='lat' dir='ltr'><strong>consulto:</strong></span> <span class='ocrx_word' id='word_1_34' title='bbox 454 446 490 504; x_wconf 91' lang='lat' dir='ltr'><strong>de</strong></span> <span class='ocrx_word' id='word_1_35' title='bbox 507 446 625 505; x_wconf 89' lang='lat' dir='ltr'><strong>homine</strong></span> <span class='ocrx_word' id='word_1_36' title='bbox 641 448 761 505; x_wconf 89' lang='lat' dir='ltr'><strong>minime</strong></span> <span class='ocrx_word' id='word_1_37' title='bbox 775 449 857 506; x_wconf 83' lang='lat' dir='ltr'><strong>vafro</strong></span> <span class='ocrx_word' id='word_1_38' title='bbox 873 451 949 507; x_wconf 87' lang='lat' dir='ltr'><strong>male</strong></span> 
     </span>
    </p>
   </div>
   <div class='ocr_carea' id='block_1_4' title="bbox 105 527 950 3000">
    <p class='ocr_par' dir='ltr' id='par_1_4' title="bbox 105 527 950 1565">
     <span class='ocr_line' id='line_1_6' title="bbox 107 527 950 587; baseline 0.005 -4"><span class='ocrx_word' id='word_1_39' title='bbox 107 527 279 585; x_wconf 84' lang='lat' dir='ltr'><strong>existimant.</strong></span> <span class='ocrx_word' id='word_1_40' title='bbox 323 533 369 585; x_wconf 87' lang='lat'><strong>86.</strong></span> <span class='ocrx_word' id='word_1_41' title='bbox 388 527 518 584; x_wconf 89' lang='lat' dir='ltr'><strong>Dubium</strong></span> <span class='ocrx_word' id='word_1_42' title='bbox 535 535 578 584; x_wconf 89' lang='lat' dir='ltr'><strong>est</strong></span> <span class='ocrx_word' id='word_1_43' title='bbox 594 527 671 584; x_wconf 92' lang='lat' dir='ltr'><strong>enim</strong></span> <span class='ocrx_word' id='word_1_44' title='bbox 692 535 789 585; x_wconf 87' lang='lat' dir='ltr'><strong>utmnr</strong></span> <span class='ocrx_word' id='word_1_45' title='bbox 806 528 884 587; x_wconf 86' lang='lat' dir='ltr'><strong>dicat</strong></span> <span class='ocrx_word' id='word_1_46' title='bbox 901 530 950 587; x_wconf 89' lang='lat' dir='ltr'><strong>ali-</strong></span> 
     </span>
     <span class='ocr_line' id='line_1_7' title="bbox 108 603 950 685; baseline 0.005 -22"><span class='ocrx_word' id='word_1_47' title='bbox 108 607 250 684; x_wconf 89' lang='lat' dir='ltr'><strong>quidiste</strong></span> <span class='ocrx_word' id='word_1_48' title='bbox 270 607 386 664; x_wconf 90' lang='lat' dir='ltr'><strong>beatum</strong></span> <span class='ocrx_word' id='word_1_49' title='bbox 409 615 439 665; x_wconf 88' lang='lat' dir='ltr'><strong>et</strong></span> <span class='ocrx_word' id='word_1_50' title='bbox 460 607 621 664; x_wconf 80' lang='lat' dir='ltr'><strong>immortale</strong></span> <span class='ocrx_word' id='word_1_51' title='bbox 642 627 687 678; x_wconf 89' lang='lat' dir='ltr'><strong>an,</strong></span> <span class='ocrx_word' id='word_1_52' title='bbox 703 608 727 665; x_wconf 91' lang='lat' dir='ltr'><strong>si</strong></span> <span class='ocrx_word' id='word_1_53' title='bbox 750 608 829 685; x_wconf 90' lang='lat' dir='ltr'><strong>quod</strong></span> <span class='ocrx_word' id='word_1_54' title='bbox 850 610 887 666; x_wconf 88' lang='lat' dir='ltr'><strong>sit</strong></span> <span class='ocrx_word' id='word_1_55' title='bbox 905 603 950 683; x_wconf 88' lang='lat' dir='ltr'><strong>[id</strong></span> 
     </span>
     <span class='ocr_line' id='line_1_8' title="bbox 107 684 950 764; baseline 0.002 -20"><span class='ocrx_word' id='word_1_56' title='bbox 107 707 167 744; x_wconf 91' lang='lat' dir='ltr'><strong>esse</strong></span> <span class='ocrx_word' id='word_1_57' title='bbox 184 684 367 764; x_wconf 65' lang='lat' dir='ltr'><strong>immortale}</strong></span> <span class='ocrx_word' id='word_1_58' title='bbox 410 687 477 745; x_wconf 93' lang='lat' dir='ltr'><strong>Non</strong></span> <span class='ocrx_word' id='word_1_59' title='bbox 494 687 727 744; x_wconf 87' lang='lat' dir='ltr'><strong>animadvertunt</strong></span> <span class='ocrx_word' id='word_1_60' title='bbox 743 688 790 745; x_wconf 90' lang='lat' dir='ltr'><strong>hic</strong></span> <span class='ocrx_word' id='word_1_61' title='bbox 807 708 873 746; x_wconf 91' lang='lat' dir='ltr'><strong>eum</strong></span> <span class='ocrx_word' id='word_1_62' title='bbox 890 709 950 746; x_wconf 87' lang='lat' dir='ltr'><strong>am-</strong></span> 
     </span>
     <span class='ocr_line' id='line_1_9' title="bbox 106 766 949 843; baseline 0.005 -20"><span class='ocrx_word' id='word_1_63' title='bbox 106 766 193 843; x_wconf 83' lang='lat' dir='ltr'><strong>bigue</strong></span> <span class='ocrx_word' id='word_1_64' title='bbox 208 767 335 824; x_wconf 89' lang='lat' dir='ltr'><strong>locutum</strong></span> <span class='ocrx_word' id='word_1_65' title='bbox 350 786 418 838; x_wconf 88' lang='lat' dir='ltr'><strong>esse,</strong></span> <span class='ocrx_word' id='word_1_66' title='bbox 431 768 481 825; x_wconf 85' lang='lat' dir='ltr'><strong>sed</strong></span> <span class='ocrx_word' id='word_1_67' title='bbox 496 767 594 825; x_wconf 88' lang='lat' dir='ltr'><strong>multis</strong></span> <span class='ocrx_word' id='word_1_68' title='bbox 610 767 674 824; x_wconf 88' lang='lat' dir='ltr'><strong>aliis</strong></span> <span class='ocrx_word' id='word_1_69' title='bbox 691 767 760 826; x_wconf 85' lang='lat' dir='ltr'><strong>locis</strong></span> <span class='ocrx_word' id='word_1_70' title='bbox 777 775 806 826; x_wconf 90' lang='lat' dir='ltr'><strong>et</strong></span> <span class='ocrx_word' id='word_1_71' title='bbox 823 769 904 826; x_wconf 91' lang='lat' dir='ltr'><strong>illum</strong></span> <span class='ocrx_word' id='word_1_72' title='bbox 919 776 949 827; x_wconf 89' lang='lat' dir='ltr'><strong>et</strong></span> 
     </span>
     <span class='ocr_line' id='line_1_10' title="bbox 106 845 948 926; baseline 0.002 -22"><span class='ocrx_word' id='word_1_73' title='bbox 106 845 303 904; x_wconf 86' lang='lat' dir='ltr'><strong>Metrodorum</strong></span> <span class='ocrx_word' id='word_1_74' title='bbox 320 853 380 904; x_wconf 93' lang='lat' dir='ltr'><strong>tam</strong></span> <span class='ocrx_word' id='word_1_75' title='bbox 401 855 498 924; x_wconf 86' lang='lat' dir='ltr'><strong>aperte</strong></span> <span class='ocrx_word' id='word_1_76' title='bbox 519 861 605 926; x_wconf 85' lang='lat' dir='ltr'><strong>quam</strong></span> <span class='ocrx_word' id='word_1_77' title='bbox 621 847 708 924; x_wconf 89' lang='lat' dir='ltr'><strong>paulo</strong></span> <span class='ocrx_word' id='word_1_78' title='bbox 729 855 795 906; x_wconf 89' lang='lat' dir='ltr'><strong>ante</strong></span> <span class='ocrx_word' id='word_1_79' title='bbox 814 856 851 906; x_wconf 90' lang='lat' dir='ltr'><strong>tc.</strong></span> <span class='ocrx_word' id='word_1_80' title='bbox 896 849 948 906; x_wconf 86' lang='lat' dir='ltr'><strong>Ille</strong></span> 
     </span>
     <span class='ocr_line' id='line_1_11' title="bbox 106 927 948 1004; baseline 0.002 -22"><span class='ocrx_word' id='word_1_81' title='bbox 106 945 173 984; x_wconf 87' lang='lat' dir='ltr'><strong>vero</strong></span> <span class='ocrx_word' id='word_1_82' title='bbox 198 927 267 984; x_wconf 88' lang='lat' dir='ltr'><strong>deos</strong></span> <span class='ocrx_word' id='word_1_83' title='bbox 288 946 348 984; x_wconf 89' lang='lat' dir='ltr'><strong>esse</strong></span> <span class='ocrx_word' id='word_1_84' title='bbox 368 936 452 1004; x_wconf 89' lang='lat' dir='ltr'><strong>putat</strong></span> <span class='ocrx_word' id='word_1_85' title='bbox 471 946 524 984; x_wconf 89' lang='lat' dir='ltr'><strong>nec</strong></span> <span class='ocrx_word' id='word_1_86' title='bbox 553 945 716 1004; x_wconf 83' lang='lat' dir='ltr'><strong>quenquam</strong></span> <span class='ocrx_word' id='word_1_87' title='bbox 736 927 796 984; x_wconf 92' lang='lat' dir='ltr'><strong>vidi</strong></span> <span class='ocrx_word' id='word_1_88' title='bbox 818 927 869 1004; x_wconf 92' lang='lat' dir='ltr'><strong>qui</strong></span> <span class='ocrx_word' id='word_1_89' title='bbox 890 947 948 984; x_wconf 89' lang='lat' dir='ltr'><strong>ma·</strong></span> 
     </span>
     <span class='ocr_line' id='line_1_12' title="bbox 105 1007 947 1083; baseline 0.001 -20"><span class='ocrx_word' id='word_1_90' title='bbox 105 1007 151 1082; x_wconf 83' lang='lat' dir='ltr'><strong>gis</strong></span> <span class='ocrx_word' id='word_1_91' title='bbox 171 1026 212 1078; x_wconf 89' lang='lat' dir='ltr'><strong>ea,</strong></span> <span class='ocrx_word' id='word_1_92' title='bbox 228 1026 300 1083; x_wconf 86' lang='lat' dir='ltr'><strong>quae</strong></span> <span class='ocrx_word' id='word_1_93' title='bbox 319 1007 447 1064; x_wconf 86' lang='lat' dir='ltr'><strong>timenda</strong></span> <span class='ocrx_word' id='word_1_94' title='bbox 467 1026 527 1064; x_wconf 87' lang='lat' dir='ltr'><strong>esse</strong></span> <span class='ocrx_word' id='word_1_95' title='bbox 546 1014 670 1082; x_wconf 83' lang='lat' dir='ltr'><strong>negaret,</strong></span> <span class='ocrx_word' id='word_1_96' title='bbox 686 1007 809 1074; x_wconf 87' lang='lat' dir='ltr'><strong>timeret,</strong></span> <span class='ocrx_word' id='word_1_97' title='bbox 824 1013 947 1064; x_wconf 92' lang='lat' dir='ltr'><strong>mortem</strong></span> 
     </span>
     <span class='ocr_line' id='line_1_13' title="bbox 106 1086 949 1154; baseline 0.002 -12"><span class='ocrx_word' id='word_1_98' title='bbox 106 1087 172 1143; x_wconf 91' lang='lat' dir='ltr'><strong>dico</strong></span> <span class='ocrx_word' id='word_1_99' title='bbox 194 1094 223 1144; x_wconf 88' lang='lat' dir='ltr'><strong>et</strong></span> <span class='ocrx_word' id='word_1_100' title='bbox 243 1087 320 1144; x_wconf 82' lang='lat' dir='ltr'><strong>deos</strong></span> <span class='ocrx_word' id='word_1_101' title='bbox 362 1086 473 1154; x_wconf 80' lang='lat' dir='ltr'><strong>Quibus</strong></span> <span class='ocrx_word' id='word_1_102' title='bbox 494 1087 652 1144; x_wconf 89' lang='lat' dir='ltr'><strong>mediocres</strong></span> <span class='ocrx_word' id='word_1_103' title='bbox 674 1086 806 1143; x_wconf 89' lang='lat' dir='ltr'><strong>homines</strong></span> <span class='ocrx_word' id='word_1_104' title='bbox 827 1106 886 1144; x_wconf 92' lang='lat' dir='ltr'><strong>non</strong></span> <span class='ocrx_word' id='word_1_105' title='bbox 907 1087 949 1144; x_wconf 89' lang='lat' dir='ltr'><strong>ita</strong></span> 
     </span>
     <span class='ocr_line' id='line_1_14' title="bbox 107 1166 948 1236; baseline 0.001 -13"><span class='ocrx_word' id='word_1_106' title='bbox 107 1166 188 1224; x_wconf 86' lang='lat' dir='ltr'><strong>valde</strong></span> <span class='ocrx_word' id='word_1_107' title='bbox 209 1174 368 1236; x_wconf 86' lang='lat' dir='ltr'><strong>moventur,</strong></span> <span class='ocrx_word' id='word_1_108' title='bbox 384 1167 429 1224; x_wconf 89' lang='lat' dir='ltr'><strong>his</strong></span> <span class='ocrx_word' id='word_1_109' title='bbox 446 1166 493 1224; x_wconf 92' lang='lat' dir='ltr'><strong>ille</strong></span> <span class='ocrx_word' id='word_1_110' title='bbox 510 1166 760 1226; x_wconf 79' lang='lat' dir='ltr'><strong>clamatomnium</strong></span> <span class='ocrx_word' id='word_1_111' title='bbox 782 1166 948 1224; x_wconf 87' lang='lat' dir='ltr'><strong>mortalium</strong></span> 
     </span>
     <span class='ocr_line' id='line_1_15' title="bbox 106 1245 948 1323; baseline 0.002 -21"><span class='ocrx_word' id='word_1_112' title='bbox 106 1253 217 1304; x_wconf 88' lang='lat' dir='ltr'><strong>ruentes</strong></span> <span class='ocrx_word' id='word_1_113' title='bbox 244 1266 305 1304; x_wconf 87' lang='lat' dir='ltr'><strong>esse</strong></span> <span class='ocrx_word' id='word_1_114' title='bbox 329 1247 507 1323; x_wconf 53' lang='lat' dir='ltr'><strong>perterritas„</strong></span> <span class='ocrx_word' id='word_1_115' title='bbox 553 1246 611 1303; x_wconf 86' lang='lat' dir='ltr'><strong>Tot</strong></span> <span class='ocrx_word' id='word_1_116' title='bbox 634 1246 715 1304; x_wconf 92' lang='lat' dir='ltr'><strong>milia</strong></span> <span class='ocrx_word' id='word_1_117' title='bbox 741 1245 948 1304; x_wconf 84' lang='lat' dir='ltr'><strong>latrocinantur</strong></span> 
     </span>
     <span class='ocr_line' id='line_1_16' title="bbox 106 1326 948 1405; baseline 0.001 -23"><span class='ocrx_word' id='word_1_118' title='bbox 106 1333 199 1384; x_wconf 88' lang='lat' dir='ltr'><strong>morte</strong></span> <span class='ocrx_word' id='word_1_119' title='bbox 226 1328 393 1405; x_wconf 90' lang='lat' dir='ltr'><strong>proposita:</strong></span> <span class='ocrx_word' id='word_1_120' title='bbox 422 1326 471 1384; x_wconf 86' lang='lat' dir='ltr'><strong>alii</strong></span> <span class='ocrx_word' id='word_1_121' title='bbox 500 1327 605 1397; x_wconf 89' lang='lat' dir='ltr'><strong>omnia,</strong></span> <span class='ocrx_word' id='word_1_122' title='bbox 628 1346 700 1403; x_wconf 87' lang='lat' dir='ltr'><strong>quae</strong></span> <span class='ocrx_word' id='word_1_123' title='bbox 727 1333 857 1402; x_wconf 84' lang='lat' dir='ltr'><strong>possunt,</strong></span> <span class='ocrx_word' id='word_1_124' title='bbox 879 1327 948 1384; x_wconf 85' lang='lat' dir='ltr'><strong>fana</strong></span> 
     </span>
     <span class='ocr_line' id='line_1_17' title="bbox 106 1406 947 1484; baseline 0.001 -21"><span class='ocrx_word' id='word_1_125' title='bbox 106 1406 271 1484; x_wconf 85' lang='lat' dir='ltr'><strong>compilant.</strong></span> <span class='ocrx_word' id='word_1_126' title='bbox 314 1407 417 1479; x_wconf 85' lang='lat' dir='ltr'><strong>Cred0,</strong></span> <span class='ocrx_word' id='word_1_127' title='bbox 432 1413 482 1465; x_wconf 88' lang='lat' dir='ltr'><strong>aut</strong></span> <span class='ocrx_word' id='word_1_128' title='bbox 495 1407 560 1464; x_wconf 90' lang='lat' dir='ltr'><strong>illos</strong></span> <span class='ocrx_word' id='word_1_129' title='bbox 576 1407 678 1464; x_wconf 90' lang='lat' dir='ltr'><strong>mortis</strong></span> <span class='ocrx_word' id='word_1_130' title='bbox 695 1406 783 1464; x_wconf 89' lang='lat' dir='ltr'><strong>timor</strong></span> <span class='ocrx_word' id='word_1_131' title='bbox 796 1413 884 1465; x_wconf 86' lang='lat' dir='ltr'><strong>terret</strong></span> <span class='ocrx_word' id='word_1_132' title='bbox 897 1413 947 1465; x_wconf 90' lang='lat' dir='ltr'><strong>aut</strong></span> 
     </span>
     <span class='ocr_line' id='line_1_18' title="bbox 105 1486 327 1565; baseline 0.014 -22"><span class='ocrx_word' id='word_1_133' title='bbox 105 1486 160 1544; x_wconf 90' lang='lat' dir='ltr'><strong>hos</strong></span> <span class='ocrx_word' id='word_1_134' title='bbox 173 1488 327 1565; x_wconf 80' lang='lat' dir='ltr'><strong>religionis</strong></span> 
     </span>
    </p>

    <p class='ocr_par' dir='ltr' id='par_1_5' title="bbox 105 1566 948 3000">
     <span class='ocr_line' id='line_1_19' title="bbox 147 1566 947 1645; baseline 0 -21"><span class='ocrx_word' id='word_1_135' title='bbox 147 1567 193 1626; x_wconf 86' lang='grc'><strong>87.</strong></span> <span class='ocrx_word' id='word_1_136' title='bbox 212 1568 270 1626; x_wconf 84' lang='lat' dir='ltr'><strong>Sed</strong></span> <span class='ocrx_word' id='word_1_137' title='bbox 284 1568 420 1645; x_wconf 90' lang='lat' dir='ltr'><strong>quoniam</strong></span> <span class='ocrx_word' id='word_1_138' title='bbox 437 1587 495 1624; x_wconf 88' lang='lat' dir='ltr'><strong>non</strong></span> <span class='ocrx_word' id='word_1_139' title='bbox 512 1566 695 1624; x_wconf 87' lang='lat' dir='ltr'><strong>audes-iam</strong></span> <span class='ocrx_word' id='word_1_140' title='bbox 712 1567 867 1624; x_wconf 79' lang='lat' dir='ltr'><strong>enimcum</strong></span> <span class='ocrx_word' id='word_1_141' title='bbox 883 1566 947 1643; x_wconf 89' lang='lat' dir='ltr'><strong>ipso</strong></span> 
     </span>
     <span class='ocr_line' id='line_1_20' title="bbox 106 1645 947 1724; baseline 0 -20"><span class='ocrx_word' id='word_1_142' title='bbox 106 1646 231 1723; x_wconf 83' lang='lat' dir='ltr'><strong>Epicuro</strong></span> <span class='ocrx_word' id='word_1_143' title='bbox 248 1645 492 1724; x_wconf 82' lang='lat' dir='ltr'><strong>loquar-negare</strong></span> <span class='ocrx_word' id='word_1_144' title='bbox 510 1666 570 1704; x_wconf 88' lang='lat' dir='ltr'><strong>esse</strong></span> <span class='ocrx_word' id='word_1_145' title='bbox 586 1646 664 1718; x_wconf 89' lang='lat' dir='ltr'><strong>deos,</strong></span> <span class='ocrx_word' id='word_1_146' title='bbox 678 1646 747 1723; x_wconf 91' lang='lat' dir='ltr'><strong>quid</strong></span> <span class='ocrx_word' id='word_1_147' title='bbox 765 1647 901 1723; x_wconf 90' lang='lat' dir='ltr'><strong>estquod</strong></span> <span class='ocrx_word' id='word_1_148' title='bbox 917 1653 947 1704; x_wconf 89' lang='lat' dir='ltr'><strong>te</strong></span> 
     </span>
     <span class='ocr_line' id='line_1_21' title="bbox 106 1725 947 1802; baseline -0.001 -18"><span class='ocrx_word' id='word_1_149' title='bbox 106 1727 246 1802; x_wconf 89' lang='lat' dir='ltr'><strong>impediat</strong></span> <span class='ocrx_word' id='word_1_150' title='bbox 266 1735 317 1784; x_wconf 86' lang='lat' dir='ltr'><strong>aut</strong></span> <span class='ocrx_word' id='word_1_151' title='bbox 337 1727 425 1784; x_wconf 89' lang='lat' dir='ltr'><strong>solem</strong></span> <span class='ocrx_word' id='word_1_152' title='bbox 447 1735 496 1784; x_wconf 88' lang='lat' dir='ltr'><strong>aut</strong></span> <span class='ocrx_word' id='word_1_153' title='bbox 517 1725 658 1784; x_wconf 91' lang='lat' dir='ltr'><strong>mundum</strong></span> <span class='ocrx_word' id='word_1_154' title='bbox 678 1733 729 1784; x_wconf 87' lang='lat' dir='ltr'><strong>aut</strong></span> <span class='ocrx_word' id='word_1_155' title='bbox 748 1734 873 1784; x_wconf 87' lang='lat' dir='ltr'><strong>mentem</strong></span> <span class='ocrx_word' id='word_1_156' title='bbox 899 1726 947 1784; x_wconf 88' lang='lat' dir='ltr'><strong>ali-</strong></span> 
     </span>
     <span class='ocr_line' id='line_1_22' title="bbox 107 1806 948 1885; baseline 0 -22"><span class='ocrx_word' id='word_1_157' title='bbox 107 1825 193 1882; x_wconf 90' lang='lat' dir='ltr'><strong>quam</strong></span> <span class='ocrx_word' id='word_1_158' title='bbox 208 1808 409 1883; x_wconf 86' lang='lat' dir='ltr'><strong>sempiternam</strong></span> <span class='ocrx_word' id='word_1_159' title='bbox 424 1807 454 1863; x_wconf 92' lang='lat' dir='ltr'><strong>in</strong></span> <span class='ocrx_word' id='word_1_160' title='bbox 469 1806 586 1864; x_wconf 89' lang='lat' dir='ltr'><strong>deorum</strong></span> <span class='ocrx_word' id='word_1_161' title='bbox 602 1814 704 1865; x_wconf 90' lang='lat' dir='ltr'><strong>natura</strong></span> <span class='ocrx_word' id='word_1_162' title='bbox 717 1808 841 1885; x_wconf 80' lang='lat' dir='ltr'><strong>poneret</strong></span> <span class='ocrx_word' id='word_1_163' title='bbox 857 1806 948 1864; x_wconf 89' lang='lat' dir='ltr'><strong>Num·</strong></span> 
     </span>
     <span class='ocr_line' id='line_1_23' title="bbox 107 1886 948 1964; baseline 0.002 -22"><span class='ocrx_word' id='word_1_164' title='bbox 107 1905 192 1962; x_wconf 91' lang='lat' dir='ltr'><strong>quam</strong></span> <span class='ocrx_word' id='word_1_165' title='bbox 207 1887 274 1956; x_wconf 86' lang='lat' dir='ltr'><strong>vidi,</strong></span> <span class='ocrx_word' id='word_1_166' title='bbox 287 1887 390 1962; x_wconf 88' lang='lat' dir='ltr'><strong>inquis,</strong></span> <span class='ocrx_word' id='word_1_167' title='bbox 402 1886 528 1943; x_wconf 87' lang='lat' dir='ltr'><strong>animam</strong></span> <span class='ocrx_word' id='word_1_168' title='bbox 545 1886 664 1944; x_wconf 79' lang='lat' dir='ltr'><strong>rationis</strong></span> <span class='ocrx_word' id='word_1_169' title='bbox 679 1887 847 1964; x_wconf 87' lang='lat' dir='ltr'><strong>consiliique</strong></span> <span class='ocrx_word' id='word_1_170' title='bbox 862 1888 948 1964; x_wconf 83' lang='lat' dir='ltr'><strong>parti-</strong></span> 
     </span>
     <span class='ocr_line' id='line_1_24' title="bbox 106 1965 948 2043; baseline 0.001 -21"><span class='ocrx_word' id='word_1_171' title='bbox 106 1967 199 2042; x_wconf 91' lang='lat' dir='ltr'><strong>cipem</strong></span> <span class='ocrx_word' id='word_1_172' title='bbox 217 1966 246 2023; x_wconf 94' lang='lat' dir='ltr'><strong>in</strong></span> <span class='ocrx_word' id='word_1_173' title='bbox 264 1965 321 2022; x_wconf 87' lang='lat' dir='ltr'><strong>nlla</strong></span> <span class='ocrx_word' id='word_1_174' title='bbox 337 1965 392 2022; x_wconf 90' lang='lat' dir='ltr'><strong>alia</strong></span> <span class='ocrx_word' id='word_1_175' title='bbox 408 1965 463 2023; x_wconf 92' lang='lat' dir='ltr'><strong>nisi</strong></span> <span class='ocrx_word' id='word_1_176' title='bbox 480 1965 606 2023; x_wconf 88' lang='lat' dir='ltr'><strong>humana</strong></span> <span class='ocrx_word' id='word_1_177' title='bbox 622 1966 720 2043; x_wconf 76' lang='lat' dir='ltr'><strong>figura</strong></span> <span class='ocrx_word' id='word_1_178' title='bbox 763 1966 859 2036; x_wconf 77' lang='lat' dir='ltr'><strong>Quidl</strong></span> <span class='ocrx_word' id='word_1_179' title='bbox 880 1967 948 2025; x_wconf 86' lang='lat' dir='ltr'><strong>solis</strong></span> 
     </span>
     <span class='ocr_line' id='line_1_25' title="bbox 106 2045 948 2124; baseline 0.002 -21"><span class='ocrx_word' id='word_1_180' title='bbox 106 2045 315 2123; x_wconf 88' lang='lat' dir='ltr'><strong>numquidnam</strong></span> <span class='ocrx_word' id='word_1_181' title='bbox 332 2051 382 2102; x_wconf 91' lang='lat' dir='ltr'><strong>aut</strong></span> <span class='ocrx_word' id='word_1_182' title='bbox 396 2045 479 2103; x_wconf 89' lang='lat' dir='ltr'><strong>lunae</strong></span> <span class='ocrx_word' id='word_1_183' title='bbox 496 2047 685 2124; x_wconf 86' lang='lat' dir='ltr'><strong>autquinque</strong></span> <span class='ocrx_word' id='word_1_184' title='bbox 703 2048 858 2105; x_wconf 88' lang='lat' dir='ltr'><strong>errantium</strong></span> <span class='ocrx_word' id='word_1_185' title='bbox 876 2047 948 2105; x_wconf 89' lang='lat' dir='ltr'><strong>side-</strong></span> 
     </span>
     <span class='ocr_line' id='line_1_26' title="bbox 106 2125 948 2185; baseline 0.002 -3"><span class='ocrx_word' id='word_1_186' title='bbox 106 2146 167 2183; x_wconf 92' lang='lat' dir='ltr'><strong>rum</strong></span> <span class='ocrx_word' id='word_1_187' title='bbox 184 2125 276 2182; x_wconf 91' lang='lat' dir='ltr'><strong>simile</strong></span> <span class='ocrx_word' id='word_1_188' title='bbox 293 2125 408 2183; x_wconf 75' lang='lat' dir='ltr'><strong>vidistit</strong></span> <span class='ocrx_word' id='word_1_189' title='bbox 442 2125 491 2183; x_wconf 86' lang='lat' dir='ltr'><strong>Sol</strong></span> <span class='ocrx_word' id='word_1_190' title='bbox 508 2126 618 2184; x_wconf 83' lang='lat' dir='ltr'><strong>duabus</strong></span> <span class='ocrx_word' id='word_1_191' title='bbox 635 2127 719 2185; x_wconf 89' lang='lat' dir='ltr'><strong>unius</strong></span> <span class='ocrx_word' id='word_1_192' title='bbox 740 2126 818 2185; x_wconf 87' lang='lat' dir='ltr'><strong>orbis</strong></span> <span class='ocrx_word' id='word_1_193' title='bbox 838 2127 948 2185; x_wconf 89' lang='lat' dir='ltr'><strong>ultimis</strong></span> 
     </span>
     <span class='ocr_line' id='line_1_27' title="bbox 105 2205 946 2282; baseline 0.004 -20"><span class='ocrx_word' id='word_1_194' title='bbox 105 2205 234 2282; x_wconf 87' lang='lat' dir='ltr'><strong>partibus</strong></span> <span class='ocrx_word' id='word_1_195' title='bbox 262 2205 399 2263; x_wconf 87' lang='lat' dir='ltr'><strong>definiens</strong></span> <span class='ocrx_word' id='word_1_196' title='bbox 426 2214 539 2264; x_wconf 89' lang='lat' dir='ltr'><strong>motum</strong></span> <span class='ocrx_word' id='word_1_197' title='bbox 566 2226 664 2264; x_wconf 88' lang='lat' dir='ltr'><strong>cursus</strong></span> <span class='ocrx_word' id='word_1_198' title='bbox 688 2226 798 2265; x_wconf 89' lang='lat' dir='ltr'><strong>annuos</strong></span> <span class='ocrx_word' id='word_1_199' title='bbox 822 2207 946 2266; x_wconf 88' lang='lat' dir='ltr'><strong>conficit.</strong></span> 
     </span>
     <span class='ocr_line' id='line_1_28' title="bbox 106 2286 947 2346; baseline 0.001 -3"><span class='ocrx_word' id='word_1_200' title='bbox 106 2287 201 2343; x_wconf 89' lang='lat' dir='ltr'><strong>Huius</strong></span> <span class='ocrx_word' id='word_1_201' title='bbox 231 2286 304 2344; x_wconf 88' lang='lat' dir='ltr'><strong>hanc</strong></span> <span class='ocrx_word' id='word_1_202' title='bbox 331 2286 528 2344; x_wconf 87' lang='lat' dir='ltr'><strong>lustrationem</strong></span> <span class='ocrx_word' id='word_1_203' title='bbox 559 2286 687 2346; x_wconf 88' lang='lat' dir='ltr'><strong>eiusdem</strong></span> <span class='ocrx_word' id='word_1_204' title='bbox 717 2287 831 2345; x_wconf 88' lang='lat' dir='ltr'><strong>insensa</strong></span> <span class='ocrx_word' id='word_1_205' title='bbox 860 2288 947 2344; x_wconf 87' lang='lat' dir='ltr'><strong>radiis</strong></span> 
     </span>
     <span class='ocr_line' id='line_1_29' title="bbox 106 2365 948 2444; baseline 0.002 -22"><span class='ocrx_word' id='word_1_206' title='bbox 106 2373 252 2424; x_wconf 89' lang='lat' dir='ltr'><strong>menstruo</strong></span> <span class='ocrx_word' id='word_1_207' title='bbox 266 2367 359 2443; x_wconf 88' lang='lat' dir='ltr'><strong>spatio</strong></span> <span class='ocrx_word' id='word_1_208' title='bbox 373 2365 441 2425; x_wconf 90' lang='lat' dir='ltr'><strong>luna</strong></span> <span class='ocrx_word' id='word_1_209' title='bbox 454 2365 588 2442; x_wconf 89' lang='lat' dir='ltr'><strong>complet.</strong></span> <span class='ocrx_word' id='word_1_210' title='bbox 624 2365 758 2444; x_wconf 78' lang='lat' dir='ltr'><strong>Quinque</strong></span> <span class='ocrx_word' id='word_1_211' title='bbox 772 2375 868 2426; x_wconf 89' lang='lat' dir='ltr'><strong>autem</strong></span> <span class='ocrx_word' id='word_1_212' title='bbox 884 2367 948 2425; x_wconf 91' lang='lat' dir='ltr'><strong>stel-</strong></span> 
     </span>
     <span class='ocr_line' id='line_1_30' title="bbox 105 2445 945 2525; baseline 0.002 -22"><span class='ocrx_word' id='word_1_213' title='bbox 105 2447 148 2504; x_wconf 84' lang='lat' dir='ltr'><strong>lae</strong></span> <span class='ocrx_word' id='word_1_214' title='bbox 176 2447 299 2505; x_wconf 78' lang='lat' dir='ltr'><strong>emdem</strong></span> <span class='ocrx_word' id='word_1_215' title='bbox 325 2447 422 2504; x_wconf 89' lang='lat' dir='ltr'><strong>orbem</strong></span> <span class='ocrx_word' id='word_1_216' title='bbox 440 2454 578 2514; x_wconf 87' lang='lat' dir='ltr'><strong>tenentes,</strong></span> <span class='ocrx_word' id='word_1_217' title='bbox 594 2445 664 2505; x_wconf 88' lang='lat' dir='ltr'><strong>aliae</strong></span> <span class='ocrx_word' id='word_1_218' title='bbox 681 2447 800 2525; x_wconf 88' lang='lat' dir='ltr'><strong>propius</strong></span> <span class='ocrx_word' id='word_1_219' title='bbox 821 2467 838 2505; x_wconf 90' lang='lat' dir='ltr'><strong>a</strong></span> <span class='ocrx_word' id='word_1_220' title='bbox 854 2448 945 2519; x_wconf 87' lang='lat' dir='ltr'><strong>terris,</strong></span> 
     </span>
     <span class='ocr_line' id='line_1_31' title="bbox 105 2525 948 2604; baseline 0.004 -23"><span class='ocrx_word' id='word_1_221' title='bbox 105 2525 176 2583; x_wconf 91' lang='lat' dir='ltr'><strong>aliae</strong></span> <span class='ocrx_word' id='word_1_222' title='bbox 192 2529 338 2597; x_wconf 87' lang='lat' dir='ltr'><strong>remotius,</strong></span> <span class='ocrx_word' id='word_1_223' title='bbox 353 2527 390 2583; x_wconf 91' lang='lat' dir='ltr'><strong>ab</strong></span> <span class='ocrx_word' id='word_1_224' title='bbox 407 2526 514 2584; x_wconf 87' lang='lat' dir='ltr'><strong>eisdem</strong></span> <span class='ocrx_word' id='word_1_225' title='bbox 531 2527 680 2603; x_wconf 87' lang='lat' dir='ltr'><strong>principiis</strong></span> <span class='ocrx_word' id='word_1_226' title='bbox 697 2527 859 2604; x_wconf 90' lang='lat' dir='ltr'><strong>disparibus</strong></span> <span class='ocrx_word' id='word_1_227' title='bbox 876 2534 948 2586; x_wconf 89' lang='lat' dir='ltr'><strong>tem·</strong></span> 
     </span>
     <span class='ocr_line' id='line_1_32' title="bbox 105 2605 945 2686; baseline 0.005 -24"><span class='ocrx_word' id='word_1_228' title='bbox 105 2605 223 2680; x_wconf 92' lang='lat' dir='ltr'><strong>poribus</strong></span> <span class='ocrx_word' id='word_1_229' title='bbox 243 2608 342 2665; x_wconf 81' lang='lat' dir='ltr'><strong>cedern</strong></span> <span class='ocrx_word' id='word_1_230' title='bbox 368 2607 460 2684; x_wconf 88' lang='lat' dir='ltr'><strong>spatia</strong></span> <span class='ocrx_word' id='word_1_231' title='bbox 483 2605 646 2666; x_wconf 86' lang='lat' dir='ltr'><strong>conficiunt.</strong></span> <span class='ocrx_word' id='word_1_232' title='bbox 689 2606 768 2665; x_wconf 91' lang='lat' dir='ltr'><strong>Num</strong></span> <span class='ocrx_word' id='word_1_233' title='bbox 790 2608 860 2686; x_wconf 92' lang='lat' dir='ltr'><strong>quid</strong></span> <span class='ocrx_word' id='word_1_234' title='bbox 880 2608 945 2679; x_wconf 86' lang='lat' dir='ltr'><strong>tale,</strong></span> 
     </span>
     <span class='ocr_line' id='line_1_33' title="bbox 105 2684 947 2764; baseline 0.005 -22"><span class='ocrx_word' id='word_1_235' title='bbox 105 2684 235 2762; x_wconf 84' lang='lat' dir='ltr'><strong>Epicure,</strong></span> <span class='ocrx_word' id='word_1_236' title='bbox 248 2687 364 2745; x_wconf 76' lang='lat' dir='ltr'><strong>vidistit</strong></span> <span class='ocrx_word' id='word_1_237' title='bbox 406 2693 451 2744; x_wconf 87' lang='lat'><strong>88.</strong></span> <span class='ocrx_word' id='word_1_238' title='bbox 475 2686 519 2743; x_wconf 88' lang='lat' dir='ltr'><strong>Ne</strong></span> <span class='ocrx_word' id='word_1_239' title='bbox 541 2687 578 2744; x_wconf 90' lang='lat' dir='ltr'><strong>sit</strong></span> <span class='ocrx_word' id='word_1_240' title='bbox 595 2687 683 2764; x_wconf 86' lang='lat' dir='ltr'><strong>igitur</strong></span> <span class='ocrx_word' id='word_1_241' title='bbox 700 2686 751 2758; x_wconf 88' lang='lat' dir='ltr'><strong>sol,</strong></span> <span class='ocrx_word' id='word_1_242' title='bbox 766 2707 802 2746; x_wconf 90' lang='lat' dir='ltr'><strong>ne</strong></span> <span class='ocrx_word' id='word_1_243' title='bbox 819 2689 894 2758; x_wconf 87' lang='lat' dir='ltr'><strong>luna,</strong></span> <span class='ocrx_word' id='word_1_244' title='bbox 910 2708 947 2746; x_wconf 89' lang='lat' dir='ltr'><strong>nc</strong></span> 
     </span>
     <span class='ocr_line' id='line_1_34' title="bbox 105 2765 947 2845; baseline 0.002 -24"><span class='ocrx_word' id='word_1_245' title='bbox 105 2765 219 2824; x_wconf 88' lang='lat' dir='ltr'><strong>stellae:</strong></span> <span class='ocrx_word' id='word_1_246' title='bbox 238 2768 373 2843; x_wconf 88' lang='lat' dir='ltr'><strong>quoniam</strong></span> <span class='ocrx_word' id='word_1_247' title='bbox 394 2766 466 2823; x_wconf 91' lang='lat' dir='ltr'><strong>nihil</strong></span> <span class='ocrx_word' id='word_1_248' title='bbox 488 2786 548 2823; x_wconf 89' lang='lat' dir='ltr'><strong>esse</strong></span> <span class='ocrx_word' id='word_1_249' title='bbox 569 2774 667 2842; x_wconf 90' lang='lat' dir='ltr'><strong>potest</strong></span> <span class='ocrx_word' id='word_1_250' title='bbox 683 2767 738 2824; x_wconf 90' lang='lat' dir='ltr'><strong>nisi</strong></span> <span class='ocrx_word' id='word_1_251' title='bbox 756 2769 834 2845; x_wconf 93' lang='lat' dir='ltr'><strong>quod</strong></span> <span class='ocrx_word' id='word_1_252' title='bbox 851 2768 947 2843; x_wconf 84' lang='lat' dir='ltr'><strong>attigi-</strong></span> 
     </span>
     <span class='ocr_line' id='line_1_35' title="bbox 105 2846 947 2922; baseline 0.004 -22"><span class='ocrx_word' id='word_1_253' title='bbox 105 2863 170 2901; x_wconf 86' lang='lat' dir='ltr'><strong>mus</strong></span> <span class='ocrx_word' id='word_1_254' title='bbox 187 2853 238 2903; x_wconf 87' lang='lat' dir='ltr'><strong>aut</strong></span> <span class='ocrx_word' id='word_1_255' title='bbox 251 2847 382 2903; x_wconf 84' lang='lat' dir='ltr'><strong>vidimus.</strong></span> <span class='ocrx_word' id='word_1_256' title='bbox 425 2846 520 2914; x_wconf 72' lang='lat' dir='ltr'><strong>Quint</strong></span> <span class='ocrx_word' id='word_1_257' title='bbox 541 2846 627 2904; x_wconf 89' lang='lat' dir='ltr'><strong>deum</strong></span> <span class='ocrx_word' id='word_1_258' title='bbox 642 2847 737 2922; x_wconf 89' lang='lat' dir='ltr'><strong>ipsum</strong></span> <span class='ocrx_word' id='word_1_259' title='bbox 754 2867 861 2905; x_wconf 90' lang='lat' dir='ltr'><strong>numne</strong></span> <span class='ocrx_word' id='word_1_260' title='bbox 876 2847 947 2903; x_wconf 92' lang='lat' dir='ltr'><strong>vidi·</strong></span> 
     </span>
     <span class='ocr_line' id='line_1_36' title="bbox 106 2924 945 3000; baseline 0.004 -21"><span class='ocrx_word' id='word_1_261' title='bbox 106 2925 162 2980; x_wconf 80' lang='lat' dir='ltr'><strong>stil</strong></span> <span class='ocrx_word' id='word_1_262' title='bbox 196 2924 255 2981; x_wconf 86' lang='lat' dir='ltr'><strong>Cur</strong></span> <span class='ocrx_word' id='word_1_263' title='bbox 269 2926 357 3000; x_wconf 83' lang='lat' dir='ltr'><strong>igitur</strong></span> <span class='ocrx_word' id='word_1_264' title='bbox 371 2926 462 2983; x_wconf 88' lang='lat' dir='ltr'><strong>eredis</strong></span> <span class='ocrx_word' id='word_1_265' title='bbox 479 2927 557 2982; x_wconf 79' lang='lat' dir='ltr'><strong>esset</strong></span> <span class='ocrx_word' id='word_1_266' title='bbox 592 2925 739 2983; x_wconf 87' lang='lat' dir='ltr'><strong>Tollamus</strong></span> <span class='ocrx_word' id='word_1_267' title='bbox 756 2946 824 3000; x_wconf 74' lang='lat' dir='ltr'><strong>crgo</strong></span> <span class='ocrx_word' id='word_1_268' title='bbox 839 2927 945 2996; x_wconf 88' lang='lat' dir='ltr'><strong>omnia,</strong></span> 
     </span>
    </p>
   </div>
   <div class='ocr_carea' id='block_1_5' title="bbox 13 2998 947 3240">
    <p class='ocr_par' dir='ltr' id='par_1_6' title="bbox 13 2998 947 3240">
     <span class='ocr_line' id='line_1_37' title="bbox 107 2998 947 3078; baseline 0.005 -19"><span class='ocrx_word' id='word_1_269' title='bbox 107 3021 179 3078; x_wconf 87' lang='lat' dir='ltr'><strong>quae</strong></span> <span class='ocrx_word' id='word_1_270' title='bbox 199 3010 249 3059; x_wconf 87' lang='lat' dir='ltr'><strong>aut</strong></span> <span class='ocrx_word' id='word_1_271' title='bbox 265 3002 383 3062; x_wconf 88' lang='lat' dir='ltr'><strong>historia</strong></span> <span class='ocrx_word' id='word_1_272' title='bbox 404 3005 487 3061; x_wconf 90' lang='lat' dir='ltr'><strong>nobis</strong></span> <span class='ocrx_word' id='word_1_273' title='bbox 508 3012 558 3061; x_wconf 88' lang='lat' dir='ltr'><strong>aut</strong></span> <span class='ocrx_word' id='word_1_274' title='bbox 578 3006 651 3061; x_wconf 87' lang='lat' dir='ltr'><strong>ratio</strong></span> <span class='ocrx_word' id='word_1_275' title='bbox 668 3024 743 3062; x_wconf 85' lang='lat' dir='ltr'><strong>nova</strong></span> <span class='ocrx_word' id='word_1_276' title='bbox 756 2998 857 3063; x_wconf 75' lang='lat' dir='ltr'><strong>adfert.</strong></span> <span class='ocrx_word' id='word_1_277' title='bbox 901 3005 947 3063; x_wconf 88' lang='lat' dir='ltr'><strong>Ita</strong></span> 
     </span>
     <span class='ocr_line' id='line_1_38' title="bbox 106 3081 947 3153; baseline 0.006 -16"><span class='ocrx_word' id='word_1_278' title='bbox 106 3081 140 3138; x_wconf 92' lang='lat' dir='ltr'><strong>fit</strong></span> <span class='ocrx_word' id='word_1_279' title='bbox 160 3088 193 3138; x_wconf 94' lang='lat' dir='ltr'><strong>ut</strong></span> <span class='ocrx_word' id='word_1_280' title='bbox 212 3083 411 3140; x_wconf 87' lang='lat' dir='ltr'><strong>mediterranei</strong></span> <span class='ocrx_word' id='word_1_281' title='bbox 432 3104 509 3141; x_wconf 87' lang='lat' dir='ltr'><strong>mare</strong></span> <span class='ocrx_word' id='word_1_282' title='bbox 533 3103 593 3140; x_wconf 87' lang='lat' dir='ltr'><strong>esse</strong></span> <span class='ocrx_word' id='word_1_283' title='bbox 617 3103 675 3140; x_wconf 92' lang='lat' dir='ltr'><strong>non</strong></span> <span class='ocrx_word' id='word_1_284' title='bbox 701 3085 824 3142; x_wconf 85' lang='lat' dir='ltr'><strong>credant.</strong></span> <span class='ocrx_word' id='word_1_285' title='bbox 867 3084 947 3153; x_wconf 83' lang='lat' dir='ltr'><strong>Quae</strong></span> 
     </span>
     <span class='ocr_line' id='line_1_39' title="bbox 13 3159 947 3240; baseline 0.006 -24"><span class='ocrx_word' id='word_1_286' title='bbox 13 3159 14 3178; x_wconf 66' lang='lat'>¹</span> <span class='ocrx_word' id='word_1_287' title='bbox 107 3167 174 3218; x_wconf 86' lang='lat' dir='ltr'><strong>sunt</strong></span> <span class='ocrx_word' id='word_1_288' title='bbox 192 3166 288 3218; x_wconf 90' lang='lat' dir='ltr'><strong>tantae</strong></span> <span class='ocrx_word' id='word_1_289' title='bbox 309 3163 398 3220; x_wconf 87' lang='lat' dir='ltr'><strong>animi</strong></span> <span class='ocrx_word' id='word_1_290' title='bbox 420 3164 586 3236; x_wconf 65' lang='lat' dir='ltr'><strong>angustiae?</strong></span> <span class='ocrx_word' id='word_1_291' title='bbox 617 3162 669 3232; x_wconf 85' lang='lat' dir='ltr'><strong>Ut,</strong></span> <span class='ocrx_word' id='word_1_292' title='bbox 685 3164 709 3219; x_wconf 90' lang='lat' dir='ltr'><strong>si</strong></span> <span class='ocrx_word' id='word_1_293' title='bbox 728 3163 841 3240; x_wconf 83' lang='lat' dir='ltr'><strong>Seriphi</strong></span> <span class='ocrx_word' id='word_1_294' title='bbox 861 3174 947 3222; x_wconf 86' lang='lat' dir='ltr'><strong>natus</strong></span> 
     </span>
    </p>
   </div>
   <div class='ocr_carea' id='block_1_6' title="bbox 0 0 1114 3432">
    <p class='ocr_par' dir='ltr' id='par_1_7' title="bbox 0 0 1114 3432">
     <span class='ocr_line' id='line_1_40' title="bbox 0 0 1114 3432; baseline 0 0"><span class='ocrx_word' id='word_1_295' title='bbox 0 0 1114 3432; x_wconf 95' lang='lat' dir='ltr'><strong> </strong></span> 
     </span>
    </p>
   </div>
  </div>
 </body>
</html>
