2220 3432
305 105 374 153 LIB.
391 105 424 165 1.‚
437 105 514 154 CAP.
531 104 698 166 xtra-XV,
711 103 724 163 §
737 106 827 154 34-40.
960 107 991 155 17

149 205 279 282 proxime
295 205 450 276 nominavi,
463 211 526 262 turn
544 205 640 281 ipsum
657 205 799 262 mundum
816 205 902 263 deum
920 205 992 263 di'cit

148 305 218 357 esse,
230 294 293 343 turn
309 286 400 342 totius
421 293 538 342 naturae
558 285 650 342 menti
671 293 757 362 atque
778 286 875 343 animo
889 285 991 344 tribuit

148 365 204 422 hoe
221 385 334 436 nomen,
345 373 408 422 tum
422 364 558 422 ultimum
576 371 605 422 et
622 365 793 423 altissimum
808 373 894 443 etque
910 365 992 423 undi-

149 465 204 522 que
219 445 424 503 circumfusum
439 453 468 502 et
483 451 642 502 extremum
660 447 759 503 omnia
772 446 936 522 cingentem
951 459 991 503 at

148 545 205 602 que
219 525 399 602 complexum
416 524 555 596 ardorem,
569 527 619 602 qui
635 526 734 584 aether
750 527 922 596 nominetur,
935 545 991 582 eer-

147 606 291 663 tissimum
301 606 388 662 deum
397 605 513 662 iudicat.
545 605 684 683 Idemque
694 607 773 683 quasi
785 605 907 664 delirans
918 605 991 662 iniis

147 685 236 757 libris,
250 705 322 759 quos
331 685 444 762 scripsit
453 693 552 743 contra
561 686 747 762 voluptatem,
759 694 821 744 tum
837 685 921 762 fingit
934 686 991 742 for·

150 786 227 823 maru
250 766 392 842 quandam
411 773 440 823 et
455 765 578 842 speeiem
594 765 721 838 deorum,
732 773 794 823 turn
809 766 990 824 divinitatem

148 865 266 902 omnem
282 846 384 903 tribuit
405 847 495 915 astris,
508 852 570 902 tum
592 845 664 903 nihil
686 847 796 904 ratione
817 853 913 904 censet
930 865 991 903 esse
1055 875 1057 879 ⁴

148 926 283 984 divinius.
326 926 372 983 Ita
386 926 419 982 fit
433 935 466 983 ut
480 926 550 983 deus
564 926 619 996 ille,
633 945 718 1002 quem
734 933 831 984 mente
845 926 990 984 noscimus

148 1012 235 1083 atque
246 1007 276 1063 in
290 1007 379 1064 animi
392 1007 510 1063 notione
524 1013 672 1083 tamquam
685 1007 714 1063 in
726 1007 848 1084 vestigio
859 1005 990 1064 volumus

148 1105 294 1163 reponere,
306 1105 446 1163 nusquam
463 1105 577 1163 prorsus
591 1094 733 1163 appareat.
820 1123 821 1126 =

188 1166 257 1224 XV.
301 1173 347 1224 38.
369 1167 412 1224 At
426 1167 572 1236 Persaeus,
585 1166 711 1224 eiusdem
726 1167 849 1224 Zenonis
866 1167 989 1238 auditor,

149 1266 199 1304 eos
215 1247 287 1304 dicit
303 1265 364 1304 csse
380 1245 495 1304 habitos
512 1246 589 1318 deos,
604 1267 622 1304 a
639 1248 741 1324 quibus
757 1267 864 1324 magna
880 1247 990 1304 utilitas

149 1326 275 1384 advitae
292 1327 400 1384 cultum
419 1333 493 1384 esset
509 1327 634 1397 iuventa,
650 1328 782 1405 ipsasque
798 1347 843 1384 res
859 1327 944 1384 utiles
961 1334 990 1384 et

149 1407 285 1464 salutares
306 1407 424 1464 deorum
448 1427 509 1464 esse
529 1407 675 1465 vocabulis
697 1411 884 1483 nuncupatae,
900 1414 933 1463 ut
954 1426 990 1464 ne

148 1487 205 1544 hoe
217 1487 333 1565 quidem
349 1487 456 1545 diceret
470 1486 519 1543 illa
529 1487 646 1544 inventa
657 1507 716 1544 esse
727 1487 855 1556 deorum,
867 1486 917 1542 sed
928 1487 991 1563 ipsa

150 1568 255 1625 divina.
294 1566 358 1636 Quo
374 1568 444 1645 quid
461 1567 612 1625 absurdius
627 1586 711 1644 quam
729 1573 839 1622 autres
860 1566 990 1623 sordidas

150 1655 236 1726 atque
251 1647 396 1706 deformes
411 1649 529 1705 deorum
541 1647 650 1704 honore
664 1646 783 1704 adficere
797 1654 847 1703 aut
858 1646 990 1704 homines

150 1729 207 1786 iarn
226 1735 318 1786 morte
335 1727 444 1786 deletos
461 1747 597 1804 reponere
614 1727 643 1784 in
662 1727 739 1797 deoc,
756 1745 878 1803 quorum
896 1728 990 1784 omnis

150 1807 244 1865 cultus
260 1814 334 1866 esset
350 1809 465 1866 futurus
482 1809 512 1864 iu
530 1808 626 1865 luctui
668 1813 714 1865 39.
739 1806 799 1864 Iam
815 1827 882 1865 vero
899 1807 990 1884 Chry·
1007 1878 1012 1885 ι

151 1888 258 1965 sippuS,
275 1889 324 1965 qni
346 1888 508 1945 Stoicorum
526 1888 703 1946 somniorum
720 1887 890 1945 vaferrimus
905 1887 990 1946 habe-

150 1976 199 2026 tur
211 1969 358 2045 interpres
373 1987 507 2044 magnam
523 1968 636 2025 turbam
654 1975 809 2045 congregat
822 1968 990 2045 ignotorum

151 2049 270 2106 deorum
292 2055 378 2126 atque
399 2049 440 2105 ita
461 2049 635 2124 ignotorum,
648 2055 681 2106 ut
702 2069 751 2105 eos
771 2068 807 2105 ne
827 2048 991 2106 coniectura

152 2129 269 2206 quidem
283 2129 438 2186 informare
453 2129 603 2206 possimus,
614 2148 679 2186 eum
696 2148 778 2186 mens
794 2134 892 2186 nostra
909 2129 990 2206 quid·

151 2205 338 2266 vis'videatur
352 2209 527 2286 cogitatione
541 2229 625 2286 posse
640 2209 802 2286 depingere.
844 2209 898 2266 Ait
911 2209 989 2266 enirn

151 2290 211 2346 vim
232 2288 358 2346 divinam
380 2290 411 2346 in
433 2290 544 2347 ratione
566 2309 626 2348 esse
647 2291 772 2367 positam
793 2296 822 2347 et
842 2289 990 2346 universae

151 2376 269 2427 naturae
280 2370 376 2427 animo
386 2377 471 2447 atque
480 2377 584 2440 mente,
592 2371 744 2449 ipsumque
753 2369 893 2426 mundum
903 2369 989 2426 deum

151 2451 223 2508 dicit
234 2469 293 2507 esse
305 2451 405 2508 eteius
419 2451 507 2507 animi
518 2451 663 2508 fusionem
673 2451 842 2520 universam,
854 2456 917 2506 tum
929 2449 990 2506 eius

151 2530 242 2608 ipsius
255 2530 456 2608 principatum,
470 2531 561 2609 quiin
577 2537 672 2590 mente
687 2536 716 2587 et
730 2530 840 2587 ratione
854 2536 988 2597 versetur,

151 2629 391 2688 communemque
405 2631 499 2668 rerum
513 2617 645 2667 naturam
658 2610 819 2667 universam
834 2616 919 2686 atque
931 2628 990 2665 om-

151 2691 200 2747 nia
216 2691 421 2761 continentem,
436 2698 499 2747 turn
521 2689 637 2747 fatalem
654 2691 714 2747 vim
732 2690 825 2766 ipsam
847 2697 876 2746 et
896 2708 990 2746 neees-

152 2770 267 2828 sitatem
287 2790 381 2828 rerum
401 2772 570 2840 futurarum,
587 2771 683 2847 ignem
704 2775 850 2847 praeterea
866 2775 894 2826 et
914 2788 988 2839 eum,

152 2869 239 2927 quern
260 2857 326 2908 aute
347 2851 414 2922 dixi,
430 2849 552 2922 aethera,
568 2857 631 2907 tum
652 2859 693 2921 ea,
709 2868 781 2927 quae
801 2855 903 2906 natura
923 2849 990 2906 fine-

152 2937 216 2988 rent
230 2937 316 3007 atquc
329 2938 485 3001 manarent,
498 2937 531 2987 ut
545 2938 574 2986 et
588 2950 691 3007 aquam
705 2937 734 2986 et
744 2936 847 2986 terram
863 2937 892 2986 et
907 2936 988 2986 adra:

152 3010 251 3081 solem,
268 3010 374 3082 lunam,
397 3011 489 3067 sidera
517 3011 785 3085 universitatemque
813 3028 915 3078 rerum,
934 3029 990 3085 qua

152 3091 251 3146 omnia
267 3091 488 3159 continerentur,
504 3096 589 3165 atque
610 3089 696 3146 etiarn
718 3089 849 3145 homines
870 3109 926 3158 coe,
940 3088 989 3163 qui

153 3171 397 3228 immortalitatem
413 3177 507 3226 essent
521 3169 674 3226 consecuti.
717 3173 763 3223 40.
783 3169 920 3240 Idemque
936 3169 989 3222 dis·
