2224 3446
317 111 802 174 mn,11.,cnr.1v.-v1.,§11-17.
937 116 984 164 201

140 212 315 290 praesentire
338 213 499 289 signis-iu
523 231 580 289 quo
603 219 702 270 nostra
723 213 862 290 quaedam
879 213 985 272 Aratea

140 293 337 350 memoriter‘a
351 299 380 350 te
394 293 580 369 pronuntiata
593 293 754 350 sunt-etsi
769 293 838 350 haee
852 294 915 370 ipsa
928 294 985 350 for-

140 373 216 430 tuita
236 379 319 430 suut:
341 371 509 450 plerumque
530 373 615 444 enim,
631 392 689 429 non
711 392 823 449 semper
840 374 983 432 eveniunt.

141 452 222 521 Quae
239 459 282 509 est
298 452 388 530 igitur
408 459 458 509 aut
475 451 525 508 ubi
541 460 668 510 versatur
684 453 869 510 fortuitarum
890 472 984 510 rerum

141 532 313 610 praesensio,
333 551 419 609 quam
440 531 647 590 divinationem
663 534 766 590 vocas?
807 531 886 601 Quae
907 535 984 590 enim

141 612 310 690 praesentiri
331 619 382 669 aut
398 618 458 669 arte
479 619 529 668 aut
545 613 656 670 ratione
673 619 723 670 aut
740 633 792 670 usu
809 619 859 670 aut
876 613 984 671 coniec-

141 701 206 750 tura
219 699 349 769 possunt,
362 709 395 748 ea
408 711 467 748 non
482 691 587 749 divinis
602 692 755 750 tribuenda
768 699 861 769 putas,
873 693 923 750 sed
937 712 984 769 pe·

141 773 212 830 ritis.
255 771 300 828 Ita
313 771 484 848 relinquitur
497 779 531 829 nt
545 791 578 829 ea
591 772 713 830 fortuita
726 772 849 830 divinari
863 774 983 849 possint,

142 871 215 929 quae
232 851 310 908 nulla
326 871 378 909 nee
395 858 455 908 arte
471 871 524 909 nee
541 852 681 928 sapientia
695 853 839 929 provideri
853 860 983 929 possunt,

142 939 184 1003 ut,
201 932 225 988 si
246 932 311 1008 quis
327 931 366 990 M.
382 931 548 989 Marcellum
564 931 655 1002 illum,
672 933 722 1009 qui
737 939 781 990 ter
802 933 900 990 consul
917 933 982 1004 fuit,

141 1011 241 1068 multis
257 1011 340 1068 annis
357 1019 424 1069 ante
440 1011 560 1068 dixisset
572 1012 724 1088 naufragio
741 1031 800 1070 esse
815 1013 983 1089 periturum,

142 1092 298 1149 divinasset
311 1091 451 1168 profesto.
495 1090 582 1148 Nulla
595 1092 671 1148 enirn
689 1100 749 1149 arte
763 1092 818 1149 alia
832 1093 863 1150 id
876 1113 929 1150 nee
944 1113 985 1150 sa·

141 1172 252 1248 pientia
265 1171 336 1229 seire
350 1172 499 1248 potuisset,
541 1171 655 1228 Talium
670 1190 738 1248 ergo
751 1191 854 1244 rerum,
868 1191 940 1250 quae
954 1173 984 1229 in

141 1253 260 1309 fortuna
275 1252 386 1328 positae
407 1257 482 1322 sunt,
497 1251 659 1327 praesensio
676 1251 816 1308 divinatio
837 1260 887 1310 est.
930 1252 991 1311 VI.-

144 1337 189 1388 15.
212 1331 350 1389 Potestne
364 1332 453 1408 igitur
470 1350 566 1388 earum
583 1349 685 1402 rerum,
702 1349 774 1408 quae
790 1331 862 1388 nihil
877 1331 985 1390 habent

141 1411 262 1468 rationis
286 1431 342 1488 qua
363 1431 393 1469 re
417 1411 532 1468 futurae
556 1410 621 1482 sint,
641 1430 700 1468 esse
724 1411 783 1468 ulla
803 1412 985 1488 praesensio?

142 1491 222 1559 Quid
238 1497 281 1548 est
298 1491 375 1548 enim
396 1491 475 1548 aliud
490 1491 559 1562 fors,
578 1491 648 1567 quid
665 1490 790 1561 fortuna,
807 1492 876 1568 quid
893 1511 982 1563 essue,

143 1571 214 1648 quid
230 1578 348 1628 eventus
365 1571 421 1628 nisi
437 1590 503 1628 cum
520 1571 560 1628 sio
577 1570 686 1648 aliquid
700 1571 811 1642 cecidit,
825 1571 865 1628 sio
879 1571 982 1642 evenit,

142 1657 176 1708 ut
193 1650 236 1708 vel
251 1670 310 1707 non
325 1651 424 1709 eadere
441 1657 526 1728 atque
544 1651 656 1708 evenire
671 1651 715 1708 vel
729 1650 811 1708 aliter
828 1651 927 1708 eadere
944 1659 985 1709 at·
1014 1703 1015 1706 ,

143 1750 199 1808 que
216 1731 327 1788 evenire
343 1731 488 1807 potuerit?
528 1729 593 1798 Quo
610 1730 698 1788 modo
716 1750 784 1808 ergo
798 1729 837 1803 id,
850 1731 929 1809 quod
944 1738 985 1789 te-

141 1830 220 1868 mere
233 1810 267 1867 fit
281 1829 364 1868 oaeoo
382 1829 448 1867 casu
465 1817 494 1867 et
508 1810 687 1868 volubilitate
701 1811 843 1883 fortunae,
855 1831 985 1888 praesen·
1064 1885 1066 1888 Ι

142 1891 191 1948 tiri
216 1897 244 1948 et
265 1890 392 1968 praedici
412 1892 526 1966 potestl
570 1895 614 1947 16.
638 1890 767 1948 Medicus
788 1893 921 1949 morbum
943 1893 985 1948 in-

142 1977 356 2046 gravescentem
380 1971 491 2028 ratione
514 1971 655 2047 providet,
677 1971 795 2028 insidias
819 1973 982 2049 imperator,

142 2057 328 2127 tempestates
348 2050 529 2127 gubernator,
546 2057 688 2108 ettamen
709 2051 740 2108 hi
757 2053 812 2129 ipsi
834 2073 917 2130 saepe
933 2053 985 2110 ial-

142 2129 248 2202 luntur,
261 2131 310 2207 qui
321 2131 394 2187 nihil
405 2131 465 2186 sine
480 2138 556 2188 certa
570 2132 679 2188 ratione
695 2133 857 2208 opinantur,
869 2141 903 2190 ut
913 2133 984 2209 agri-

143 2211 213 2281 cola,
230 2230 295 2268 oum
313 2209 412 2267 florem
430 2210 508 2268 oleae
522 2211 609 2282 videt,
621 2210 720 2268 baoam
737 2232 851 2289 quoque
868 2233 897 2269 se
912 2214 986 2268 visu·

142 2310 206 2348 rum
229 2296 320 2366 putat,
340 2309 397 2347 non
420 2290 481 2347 sine
503 2291 614 2348 ratione
635 2290 683 2348 ille
706 2293 831 2368 quidem,
853 2292 902 2349 sed
927 2311 985 2348 non

142 2389 300 2448 numquam
317 2377 414 2427 tamen
431 2370 548 2428 fallitur.
590 2369 677 2438 Quod
694 2371 717 2426 si
734 2371 873 2428 falluntur
890 2372 919 2442 ii,
936 2372 986 2448 qui

143 2450 215 2508 nihil
233 2451 293 2506 sine
314 2450 409 2526 aliqua
424 2449 567 2526 probabili
585 2451 748 2507 coniectura
764 2470 796 2506 ao
817 2451 927 2508 ratione
944 2452 986 2507 di-

143 2537 220 2601 cunt,
239 2529 310 2607 quid
330 2529 553 2586 existimandum
574 2537 618 2586 est
634 2529 669 2586 de
692 2529 856 2587 coniectura
876 2550 983 2602 eorum,

143 2611 193 2687 qui
207 2611 280 2667 extis
293 2617 343 2666 aut
358 2610 457 2667 avibus
471 2617 521 2666 aut
536 2609 655 2666 ostentis
670 2617 720 2666 aut
734 2609 834 2666 oraclis
848 2616 898 2667 aut
912 2629 986 2666 sorn-

142 2691 199 2747 niis
213 2690 311 2762 futura
324 2690 538 2766 praesentiunt?
579 2689 718 2747 Nondum
735 2690 799 2747 dieo
816 2708 900 2767 quarn
916 2689 985 2747 haee

143 2770 226 2846 signa
241 2769 320 2827 nulla
336 2770 401 2841 sint,
417 2769 515 2827 fissum
532 2770 642 2842 iecoris
658 2771 736 2828 oorvi
753 2778 861 2842 cantus,
874 2769 985 2827 volatus

142 2849 262 2926 aquilae,
289 2848 386 2907 stellae
413 2850 551 2921 traiectio,
577 2869 661 2907 voees
688 2850 856 2921 furentium,
886 2857 983 2921 sortes,

143 2930 271 2987 somnia:
294 2929 329 2988 de
345 2929 448 3006 quibus
462 2930 582 3006 singulis
597 2931 690 2988 dicam
708 2949 759 2987 suo
774 2931 846 3002 loeo,
859 2949 934 2987 nune
950 2929 985 2986 de

142 3010 288 3076 universis.
333 3011 379 3066 17.
398 3009 453 3078 Qui
469 3017 565 3086 potest
578 3009 722 3085 provideri
739 3012 890 3084 quiequam
908 3011 986 3066 futu-

142 3108 207 3146 rum
223 3109 284 3147 esse
299 3089 377 3167 quod
390 3107 483 3166 noque
500 3108 613 3146 oausam
628 3089 714 3146 habet
728 3089 815 3146 ullam
829 3107 922 3165 neque
936 3106 985 3142 no-

142 3175 203 3226 tam
227 3188 278 3226 our
300 3170 432 3226 futurum
456 3168 512 3225 siet
553 3167 627 3224 Solis
652 3169 836 3241 defectiones,
858 3169 985 3240 itemque
