2224 3446
78 115 81 122 .
125 79 174 126 228
386 77 435 126 Du
452 76 700 126 DIVINATIONE.

125 178 264 256 signifero
278 178 309 236 in
325 177 401 250 orbe,
413 178 462 255 qui
476 177 582 236 Graece
600 176 729 244 ζωδιακὸς
744 178 856 249 dicitur,
867 178 964 251 talem,

125 265 159 316 ut
175 259 235 316 eius
252 257 329 315 orbis
346 277 403 315 una
419 277 548 335 quaeque
564 277 629 334 pars
650 258 705 315 alia
725 258 780 315 alio
797 258 885 315 modo
905 278 967 315 mo

125 345 190 396 reat
205 339 395 415 immutetque
412 337 529 408 caelum,
542 338 660 414 perinde
677 345 710 396 ut
724 357 852 415 quaeque
869 338 966 396 stellae

124 419 155 475 in
165 419 200 475 iis
210 418 398 495 finitimisque
408 417 537 494 partibus
551 418 609 475 sint
620 437 734 495 quoque
744 425 882 494 tempore,
892 437 968 475 cam-

125 517 180 574 que
194 499 252 556 vim
267 498 342 556 varie
359 497 468 554 moveri
482 496 518 554 ab
531 497 567 554 iis
584 497 731 568 sideribus,
743 516 815 575 quae
829 507 968 555 vocantur

124 579 254 636 errantia
294 577 371 635 ¹Cum
392 583 487 634 autem
508 576 539 633 in
560 596 622 634 cam
643 578 735 654 ipsam
757 584 866 653 partem
889 577 967 634 orbis

125 659 262 728 venerint,
277 658 308 714 in
330 676 386 734 qua
406 657 445 713 sit
465 662 544 714 ortus
565 657 633 725 ciue,
651 657 700 733 qui
716 662 856 729 nascatur,
868 664 918 714 aut
934 658 965 714 in

113 756 196 813 ream,
215 757 287 814 quae
312 737 497 794 coniunctum
523 734 632 812 aliquid
652 736 756 794 habeat
780 743 829 793 aut
849 755 967 794 consen-

124 817 207 888 tiens,
222 836 256 874 ea
274 816 417 892 triangula
437 815 479 874 illi
495 823 525 874 et
542 816 679 893 quadrata
699 817 858 874 nominant.
900 815 967 873 Ete-

124 897 185 959 nim
199 915 264 953 cum
278 904 408 972 tempore
422 895 490 953 anni
501 903 705 973 tempestatum
720 904 805 972 atque
819 895 889 954 caeli
900 915 967 952 con-

124 976 266 1034 versiones
278 976 574 1053 commutationesque
584 982 680 1034 tantae
690 976 762 1034 fiant
775 995 888 1033 accessu
902 975 968 1033 stel-

125 1055 215 1112 larum
229 1063 259 1113 et
271 1075 390 1126 recessu,
403 1075 525 1132 cumque
542 1075 576 1114 ea
589 1057 618 1112 vi
632 1056 699 1113 solis
716 1054 882 1127 efficiantur,
893 1075 966 1132 quae

124 1136 262 1208 videmus,
272 1155 330 1193 non
342 1136 400 1193 veri
415 1136 506 1193 simile
521 1135 622 1207 solum,
633 1136 682 1194 sed
693 1136 780 1194 etiam
792 1154 890 1192 vemm
904 1155 966 1192 esse

125 1223 248 1286 censent,
266 1216 392 1292 perinde,
410 1223 566 1292 utcumque
589 1223 764 1293 temperatus
788 1215 826 1273 sit
849 1221 906 1286 aer,
924 1215 966 1272 ita

124 1315 227 1372 pueros
248 1297 371 1354 orientes
391 1295 510 1353 animari
528 1303 613 1372 atquc
629 1296 748 1353 formari
765 1315 799 1352 cx
816 1314 907 1372 eoque
924 1295 966 1350 in·

124 1377 215 1449 genia,
225 1395 327 1448 mores,
343 1375 479 1445 animum,
495 1395 606 1452 corpuS,
622 1377 764 1433 actionem
785 1376 867 1446 vitae,
884 1393 965 1432 casus

125 1457 260 1534 cuiusque
281 1463 455 1532 eventusque
475 1454 554 1528 fingi.
596 1455 704 1512 XLIII.
748 1461 794 1512 90.
817 1455 844 1512 Ο
865 1455 965 1512 delira-

124 1537 232 1593 tionem
246 1535 458 1594 incredibilem!
500 1534 529 1591 N
530 1554 568 1592 on
583 1536 659 1592 enim
675 1535 768 1592 omnis
783 1554 860 1592 error
873 1534 966 1592 stulti-

124 1616 165 1674 tia
179 1623 221 1674 est
232 1616 359 1674 dicenda.
398 1615 509 1683 Quibus
520 1615 606 1672 etiam
617 1614 764 1691 Diogenes
774 1615 888 1672 Stoicus
899 1633 965 1672 con·

124 1696 201 1753 cedit
220 1695 337 1773 aliquid,
352 1702 385 1752 ut
407 1695 567 1772 praedicere
583 1695 696 1771 possint
717 1695 866 1752 dumtaxat
887 1695 964 1772 quali

125 1777 243 1852 quisque
257 1783 359 1834 natura
372 1782 401 1833 et
414 1775 451 1832 ad
466 1793 551 1851 quam
569 1775 690 1852 quisquc
704 1775 827 1831 maxime
841 1793 902 1831 rem
917 1793 965 1850 ap

123 1865 169 1912 tus
183 1857 297 1913 futurus
312 1857 356 1913 sit.
393 1855 501 1925 Cetera,
513 1873 585 1932 quae
599 1854 794 1931 profiteantur,
804 1862 891 1930 negat
905 1853 964 1911 ullo

123 1935 211 1992 modo
222 1954 306 2012 posse
320 1935 401 1992 sciri:
419 1935 526 1992 etenim
540 1935 721 2010 geminorum
732 1934 841 1991 formas
855 1953 914 1991 esse
929 1935 965 1991 si-

123 2015 212 2084 miles,
231 2015 319 2072 vitam
344 2021 430 2091 atque
452 2014 598 2071 fortunam
621 2013 789 2091 plerumque
811 2013 962 2090 disparem.

123 2093 238 2152 Procles
255 2101 284 2151 et
297 2093 499 2170 Eurystheum,
512 2094 802 2151 Lacedaemoniorum
816 2111 904 2170 reges,
915 2113 965 2170 ge-

122 2174 195 2231 mini
211 2174 313 2231 fratres
329 2175 453 2231 fuerunt.
497 2179 543 2232 91.
562 2173 605 2231 At
618 2173 649 2230 hi
666 2192 717 2230 uec
731 2174 855 2231 totidem
872 2192 964 2230 annos

121 2255 270 2312 vixerunt:
293 2273 367 2311 auno
389 2254 465 2310 enim
488 2253 584 2310 Procli
601 2254 660 2311 vita
681 2253 795 2310 brevior
815 2253 880 2324 fuit,
892 2253 965 2310 mul·

122 2341 241 2410 tumque
266 2335 290 2391 is
312 2334 395 2392 fratri
417 2353 510 2391 rerum
533 2341 678 2410 gestarum
699 2332 791 2409 gloria
811 2333 962 2409 praestitit.

122 2414 165 2471 At
181 2433 235 2490 ego
252 2414 283 2471 id
300 2415 403 2490 ipsum,
417 2413 494 2490 quod
509 2413 552 2470 vir
569 2413 704 2490 optimus,
716 2412 870 2490 Diogenes
881 2412 965 2470 Chal-

123 2493 200 2550 daeis
226 2495 306 2571 quasi
327 2493 450 2570 quadam
471 2494 711 2570 praevaricatione
733 2492 872 2564 concedit,
888 2511 964 2568 nego
1041 2489 1044 2496 Δ

123 2593 205 2649 posse
226 2574 361 2649 intellegi.
404 2573 520 2630 Etenim
541 2592 615 2643 cum,
631 2580 664 2630 ut
683 2573 740 2649 ipsi
760 2573 868 2643 dicunt,
884 2579 964 2630 ortus

122 2653 300 2711 nascentium
316 2653 384 2710 luna
399 2653 571 2723 moderetur,
585 2671 673 2729 eaque
690 2652 917 2709 animadvertant
933 2659 964 2710 et

122 2740 224 2790 notent
241 2733 333 2790 sidera
352 2732 485 2790 natalicia
506 2732 650 2802 Chaldaei,
667 2751 862 2809 quaecumque
878 2731 963 2789 lunae

122 2812 220 2870 iuncta
239 2812 397 2884 videantur,
413 2812 561 2870 oculorum
581 2811 765 2869 fallacissimo
786 2831 871 2868 sensu
890 2811 964 2868 iudi-

123 2899 190 2949 cant
206 2911 331 2968 eaquae
351 2892 461 2949 ratione
482 2899 568 2969 atque
585 2891 681 2949 animo
698 2891 793 2949 videre
810 2890 961 2950 debebant.

123 2969 216 3028 Docet
227 2972 304 3028 enim
318 2972 391 3028 ratio
405 2971 681 3041 mathematicorum,
693 2990 778 3048 quam
789 2971 852 3028 istis
863 2977 963 3028 notam

124 3068 183 3108 csse
195 3051 352 3126 oportebat,
363 3058 470 3127 quanta
479 3051 641 3109 humilitate
653 3051 721 3108 luna
730 3051 847 3119 feratur,
857 3057 963 3107 terram

123 3147 213 3205 paene
227 3131 403 3206 contingens,
416 3138 555 3207 quantum
567 3130 641 3188 absit
655 3151 672 3188 a
685 3131 816 3209 proxima
830 3129 964 3192 Mercurii
