2224 3446
137 119 184 166 196
399 113 449 165 ΒΕ
466 116 716 167 DIVINATIONE.

137 229 241 278 rumque
262 214 417 263 oraculorum
438 223 516 263 sortes
537 221 563 263 et
581 215 700 262 vaticinia
720 213 802 273 refert,
816 228 870 275 cap.
885 215 978 274 tsi-57,

137 280 151 339 §
166 282 286 339 lot-118,
296 281 449 328 somniorum
462 280 566 328 alterum
580 295 634 342 cap.
645 282 709 328 58-'1'
713 283 735 340 l,
747 279 761 338 ἐ
776 281 889 328 119-142
904 280 981 328 attin·

136 347 181 407 git.
218 347 247 392 In
266 345 438 408 disputationis
456 345 614 393 conclusione
630 345 774 404 religionem
791 345 921 405 tuendam,
934 345 981 393 sed

137 410 315 460 confutandam
332 409 529 474 superstitionem
547 425 600 458 esse
613 411 719 470 graviter
735 410 861 471 admonet,
873 424 927 472 cap.
936 413 978 470 72,

177 613 199 670 Ι.
224 619 250 671 1.
272 612 427 681 Quaerenti
443 610 516 669 mihi
532 611 714 688 multumque
731 618 759 669 et
774 611 824 668 diu
838 611 981 688 cogitanti

137 712 261 770 quanam
293 711 323 750 re
351 711 466 769 possem
493 691 629 768 prodesse
658 711 744 768 quam
772 691 913 767 plurimis
943 711 981 749 ne

137 772 252 850 quando
274 771 492 829 intermitterem
514 771 661 828 consulere
681 771 722 828 rei
743 771 882 848 publicae,
901 771 980 828 nulla

137 853 229 909 maior
253 851 417 909 occurrebat
442 870 527 927 quam
553 851 577 908 si
598 851 772 927 optimarum
794 851 898 908 artium
919 851 981 907 vias

136 931 277 988 traderem
292 932 364 988 meis
378 930 503 988 civibus:
526 930 604 1008 quod
618 929 813 1007 compluribus
827 931 885 986 iam
898 929 980 987 libris

137 1031 183 1068 me
201 1010 322 1068 arbitror
338 1018 531 1068 consecutum.
573 1010 650 1067 Nam
671 1018 700 1067 et
712 1009 860 1067 cohortati
880 1029 980 1067 sumus

137 1097 171 1147 ut
194 1091 317 1148 maxime
339 1092 487 1167 potuimus
512 1089 549 1147 ad
570 1090 769 1167 philosophiae
793 1089 921 1147 studium
944 1109 980 1147 eo

138 1169 219 1242 libro,
232 1171 339 1248 quiest
352 1171 506 1247 inscriptus
521 1170 538 1197 ‘⁶
548 1169 747 1240 Hortensius,”
760 1177 789 1227 et
800 1169 878 1246 quod
888 1189 981 1246 genus

137 1250 361 1328 philosophandi
377 1251 496 1307 minime
513 1250 654 1327 adrogans
670 1249 851 1326 maximeque
869 1256 898 1306 et
913 1269 981 1306 con-

137 1338 216 1388 stans
229 1338 258 1388 et
269 1331 382 1406 elegans
397 1329 596 1387 arbitraremur
607 1337 743 1407 quattuor
754 1329 955 1387 “Academicis
962 1328 979 1355 ”

138 1410 217 1467 libris
234 1411 419 1468 ostendimus.
464 1417 489 1467 2.
513 1409 644 1487 Cumque
661 1408 883 1467 fundamentum
905 1416 980 1466 esset

137 1490 336 1567 philosophiae
353 1490 480 1566 positum
501 1490 531 1546 in
553 1489 658 1546 finibus
680 1489 820 1546 bonorum
842 1495 871 1546 et
892 1489 980 1546 malo·

138 1590 209 1641 rum,
222 1578 411 1648 perpurgatus
428 1577 471 1627 est
485 1570 510 1627 is
524 1570 603 1626 locus
619 1568 734 1626 anobis
749 1569 874 1646 quinque
889 1569 977 1639 libris,

137 1657 170 1707 ut
187 1651 257 1727 quid
274 1670 291 1707 a
311 1669 425 1728 quoque
446 1656 475 1706 et
492 1649 562 1727 quid
579 1657 678 1707 contra
695 1668 837 1726 quemque
853 1647 980 1726 philoso-

137 1730 228 1807 phum
243 1730 384 1787 diceretur
397 1729 524 1806 intellegi
538 1735 643 1805 posset.
685 1727 820 1786 Totidem
835 1729 979 1786 subsecuti

137 1810 203 1866 libri
225 1810 474 1867 “Tusculanarum
496 1808 751 1886 disputationum”
773 1828 817 1866 res
837 1807 875 1866 ad
896 1809 979 1866 beate

138 1889 292 1946 vivendum
312 1890 436 1946 maxime
453 1889 622 1947 necessarias
643 1894 821 1965 aperuerunt
863 1888 980 1945 Primus

138 1969 215 2026 enim
236 1976 280 2026 est
297 1969 332 2026 de
353 1969 563 2027 contemnenda
578 1977 680 2038 morte,
696 1969 837 2026 secundus
857 1969 893 2026 de
909 1969 980 2025 tole·

136 2049 227 2105 rando
237 2048 345 2119 dolore,
357 2048 393 2105 de
408 2048 586 2125 aegritudine
597 2048 729 2106 lenienda
739 2049 848 2121 tertius,
862 2055 979 2126 quartus

137 2129 174 2186 de
190 2127 306 2205 reliquis
327 2129 415 2185 animi
432 2127 702 2205 perturbationibus
719 2129 836 2205 quintus
857 2147 921 2186 eum
940 2128 980 2184 lo·

138 2228 201 2265 cum
218 2207 383 2284 complexus
397 2217 448 2276 est,
461 2209 510 2285 qui
521 2214 613 2265 totam
627 2208 840 2285 philosophiam
854 2208 979 2265 maxime

138 2289 276 2347 illustrat:
294 2288 379 2346 docet
393 2288 470 2345 euim
484 2289 520 2346 ad
534 2287 616 2346 beate
631 2288 784 2344 vivendum
800 2289 934 2345 virtutem
950 2307 980 2344 se

138 2369 201 2445 ipsa
224 2387 284 2426 esse
308 2375 480 2426 contentam.
525 2373 550 2425 3.
573 2367 684 2436 Quibus
708 2367 792 2424 rebus
815 2368 900 2425 editis
920 2374 980 2423 tres

138 2449 202 2506 libri
224 2449 346 2525 perfecti
368 2455 435 2505 sunt
456 2448 519 2505 “de
540 2455 641 2504 natura
662 2447 808 2517 deorum‚”
824 2449 854 2504 iu
875 2446 979 2524 quibus

139 2529 233 2585 omnis
247 2529 307 2585 eius
321 2528 377 2586 loci
394 2529 523 2607 quaestio
538 2527 710 2586 continetur.
753 2527 832 2597 Quae
849 2534 881 2584 ut
895 2526 979 2602 plene

138 2617 212 2665 esset
240 2609 438 2684 stimulataque
462 2608 598 2684 perfecta,
622 2608 684 2665 “de
709 2606 886 2664 divinatione
895 2605 912 2634 ’³
937 2606 980 2663 in-

139 2687 227 2762 gressi
244 2707 342 2744 sumus
360 2687 406 2743 his
426 2687 505 2743 libris
526 2686 654 2744 scribere.
697 2685 816 2756 Quibus,
835 2694 868 2744 ut
889 2686 978 2744 estin

139 2767 244 2835 animo,
258 2766 321 2822 “de
335 2767 397 2822 fato
407 2765 423 2792 ’'
439 2767 463 2821 si
477 2766 697 2837 adiunxerimus,
710 2767 764 2823 erit
778 2766 891 2824 abunde
909 2766 979 2823 satis

139 2845 249 2900 factum
263 2845 318 2900 toti
332 2844 399 2900 huic
414 2846 581 2920 quaestioni.
624 2846 722 2925 Atque
736 2845 781 2902 bis
795 2846 874 2902 libris
892 2846 980 2902 adnu-

139 2921 268 2978 merandi
283 2930 350 2978 sunt
364 2942 413 2979 sex
425 2924 442 2949 “
452 2924 487 2980 dc
501 2943 530 2980 re
545 2923 686 3000 publiea,”
699 2945 771 3001 quos
785 2933 854 2983 tunc
869 2926 981 3001 scripsi-

139 3019 212 3070 muS,
225 3018 290 3058 cum
300 3001 490 3076 gubernacula
501 3003 541 3058 rei
552 3003 682 3078 publicae
696 3004 871 3062 tenebamus,
901 3004 981 3081 Mag-

140 3098 194 3134 nus
210 3078 289 3135 locus
306 3079 559 3160 philosophiaeque
576 3084 709 3158 proprius
725 3103 742 3140 a
758 3084 888 3150 Platone,
901 3084 981 3141 Aris·

140 3156 235 3228 totele,
248 3157 446 3232 Theophrasto
463 3167 580 3234 totaque
595 3161 852 3237 Peripateticorum
868 3163 980 3222 familia
