2220 3432
141 102 156 148 8
360 98 410 147 Dll
428 98 577 148 NATURA
593 97 754 148 DEORUM.

140 207 278 259 sertamm
299 201 517 278 relictarumque
538 220 630 259 rerum
649 200 841 278 patrocinium
858 201 981 280 suscepi-

140 301 212 339 mus.
242 281 309 339 Non
321 282 396 339 enirn
408 281 560 339 hominum
568 281 685 338 interitu
698 281 854 339 sententiae
866 287 980 359 quoque

140 361 283 434 occidunt,
299 362 349 420 sed
370 361 462 418 lucem
483 361 607 420 auctoris
622 362 744 419 fortasse
761 361 932 434 desiderant,
947 369 981 421 ut

139 440 209 500 haec
229 443 260 498 in
280 441 464 519 philosophia
487 441 561 499 ratio
582 449 682 500 contra
703 442 801 499 omnia
822 442 980 500 disserendi

139 521 304 600 nullamque
320 542 380 598 rem
397 529 494 600 aperte
511 521 657 580 iudicandi
674 522 805 599 profecta
821 541 838 578 a
852 522 978 594 Socrate,

138 603 261 679 repetita
274 602 310 660 ab
319 601 454 674 Arcesila,
467 601 635 661 confirmata
648 621 665 660 a
679 601 824 659 Carneade
838 621 928 679 usque
942 603 979 661 ad

139 689 266 740 nostram
287 683 381 760 viguit
401 689 541 740 aetatem:
564 701 650 759 quam
670 701 746 739 nunc
767 683 978 760 propemodum

139 761 237 820 orbam
252 782 312 820 esse
323 764 353 820 in
364 764 426 840 ipsa
437 762 555 831 Graecia
563 761 708 838 intellego.
738 761 825 831 Quod
835 782 894 820 non
905 763 980 821 Aca-

138 841 249 900 demiae
263 843 343 914 vitio,
356 843 406 900 sed
422 842 557 901 tarditate
573 842 725 899 hominurn
746 842 869 900 arbitror
889 843 980 901 conti·

137 922 220 998 gisae.
251 921 327 980 Nam
339 924 363 980 si
374 923 500 999 singulas
510 921 675 999 disciplinas
685 922 830 999 percipere
840 941 978 1000 magnum

137 1009 188 1070 cst,
202 1010 310 1079 quanto
320 1003 412 1060 maius
423 1004 541 1060 omnes?
558 1002 637 1079 quod
647 1001 740 1060 facere
750 1003 786 1060 iis
799 1021 913 1060 necesse
924 1010 976 1075 est,

138 1082 241 1158 quibus
251 1083 432 1159 propositum
444 1089 487 1140 est
497 1082 556 1140 veri
570 1082 729 1159 reperiendi
741 1101 825 1140 causa
836 1089 865 1139 et
879 1090 979 1141 contra

137 1181 237 1219 ornnes
247 1161 436 1240 philosophos
447 1169 475 1220 et
486 1182 538 1239 pro
550 1162 684 1220 omnibus
695 1162 796 1221 dicere.
826 1169 871 1221 12.
888 1162 978 1220 Cuius

136 1241 177 1298 rei
197 1248 295 1299 tantae
315 1249 432 1319 tamque
455 1241 579 1300 difficilis
600 1242 768 1300 facultatem
791 1249 977 1301 consecutum

136 1340 197 1379 esse
217 1341 264 1381 mc
284 1341 343 1380 non
363 1322 508 1400 profiteor,
518 1328 647 1380 secutum
668 1342 729 1380 esse
749 1343 816 1400 prae
836 1342 884 1381 me
904 1324 975 1382 fero·

136 1400 197 1459 Nec
211 1408 308 1460 tamen
328 1401 389 1461 fieri
409 1410 506 1481 potest
522 1409 563 1475 ut,
576 1402 626 1479 qui
646 1403 699 1460 hac
720 1404 830 1460 ratione
850 1403 978 1480 philoso-

135 1481 268 1558 phentur,
281 1483 302 1540 ii
318 1483 391 1541 nihil
407 1483 532 1542 habeant
552 1483 631 1560 quod
652 1490 813 1559 sequantur.
855 1483 976 1541 Dictum

135 1568 179 1619 est
195 1563 314 1621 omnino
331 1563 384 1622 hac
398 1564 434 1621 de
451 1583 481 1621 rc
497 1563 553 1620 alio
570 1562 634 1621 loco
651 1562 826 1639 diligentius,
838 1563 896 1634 sed,
909 1565 977 1641 quia

134 1642 221 1700 nimis
231 1643 370 1701 indociles
384 1644 501 1721 quidam
515 1643 647 1720 tardique
662 1649 737 1714 sunt,
751 1643 925 1701 admonendi
937 1645 977 1700 vi-

134 1721 239 1781 dentur
259 1724 380 1800 saepius.
425 1722 493 1780 Non
514 1723 592 1780 enim
612 1743 711 1780 sumus
731 1723 761 1794 ii,
777 1723 881 1800 quibua
901 1722 974 1780 nihil

135 1821 235 1860 verum
256 1822 316 1860 esse
331 1803 469 1873 videatur,
485 1802 535 1860 sed
550 1803 580 1873 ii,
593 1802 643 1879 qui
664 1802 798 1860 omnibus
813 1804 888 1860 veris
903 1803 976 1862 falsa

134 1882 275 1959 quaedam
295 1883 431 1940 adiuncta
451 1901 511 1940 esse
528 1882 664 1953 dicamus,
679 1889 761 1940 tanta
777 1883 973 1954 similitudine,

134 1969 167 2020 ut
189 1963 274 2020 iniis
296 1963 375 2020 nulla
393 1963 462 2020 insit
480 1969 557 2020 certa
578 1962 725 2021 iudicandi
746 1970 775 2021 et
795 1963 975 2021 adsentiendi

133 2049 210 2102 nota.
253 2042 298 2100 Ex
315 2062 373 2120 quo
394 2043 505 2102 exstitit
521 2042 601 2114 illud,
613 2041 705 2100 multa
725 2062 785 2101 esse
805 2043 973 2120 probabilia,

134 2141 206 2194 quac
221 2141 394 2201 quamquam
415 2142 473 2182 non
494 2123 716 2200 perciperentur,
730 2129 836 2195 tamen,
853 2125 920 2200 quia
935 2124 975 2181 vi-

134 2223 197 2260 sum
215 2203 357 2280 quendam
375 2202 512 2262 haberent
524 2203 666 2280 insignem
681 2209 710 2260 et
724 2202 872 2276 illustrem,
884 2205 920 2262 iis
934 2223 975 2262 sa-

133 2283 239 2359 pientis
252 2283 312 2340 vita
325 2289 477 2360 regeretur.

173 2361 225 2420 VI.
269 2368 315 2421 13.
339 2363 396 2422 Sed
412 2365 478 2434 iam,
491 2370 524 2421 ut
547 2363 627 2420 omni
648 2381 695 2420 me
717 2362 826 2420 invidia
846 2362 973 2433 liberem,

132 2460 238 2518 ponam
250 2443 280 2500 in
294 2443 392 2502 medio
406 2443 562 2501 sententias
576 2442 814 2520 philosophorum
826 2443 862 2500 de
873 2449 974 2500 natura

132 2522 259 2580 deorum.
302 2523 367 2592 Quo
393 2523 510 2601 quidem
531 2523 595 2580 loco
617 2523 793 2580 convocandi
814 2542 914 2580 ornnes
935 2523 974 2581 vi-

131 2601 236 2659 dentur
250 2603 300 2679 qui
317 2622 390 2680 quae
407 2603 444 2660 sit
460 2621 558 2660 earum
574 2621 641 2660 vera
656 2601 792 2660 iudicent.
834 2603 908 2660 Tum
927 2603 974 2661 de·

132 2699 212 2738 mum
233 2682 306 2739 mihi
327 2702 431 2760 procax
448 2682 607 2740 Academia
625 2681 776 2754 videbitur,
793 2683 817 2739 si
837 2689 887 2740 aut
908 2701 973 2740 con-

132 2761 271 2819 senserint
292 2781 392 2819 omnes
412 2769 462 2820 aut
482 2762 537 2820 erit
557 2763 691 2820 inventus
712 2762 814 2840 aliquis
835 2763 973 2840 quiquid

132 2859 229 2897 vorum
252 2841 290 2898 sit
310 2841 458 2900 invenerit.
502 2841 603 2920 Itaque
623 2843 697 2922 mihi
714 2842 786 2902 libet
806 2843 971 2916 exclamare,

132 2925 165 2976 ut
178 2920 209 2977 in
223 2920 421 2998 Synephebis:

163 3096 232 3145 Proh
244 3097 327 3158 delam,
336 3099 491 3164 popularium
502 3102 624 3162 omnium,
636 3099 749 3152 omnium
760 3099 956 3151 adulescentium

165 3161 260 3226 Clamo,
270 3167 375 3230 postulo,
386 3168 496 3231 obsecro,
506 3185 559 3230 oro,
569 3169 639 3232 ploro
650 3177 726 3232 atque
737 3166 842 3230 imploro
852 3167 936 3228 fidem,
