<?xml version="1.0" encoding="UTF-8"?>
<!DOCTYPE html PUBLIC "-//W3C//DTD XHTML 1.0 Transitional//EN"
    "http://www.w3.org/TR/xhtml1/DTD/xhtml1-transitional.dtd">
<html xmlns="http://www.w3.org/1999/xhtml" xml:lang="en" lang="en">
 <head>
  <title>
</title>
<meta http-equiv="Content-Type" content="text/html;charset=utf-8" />
  <meta name='ocr-system' content='tesseract 3.04.00' />
  <meta name='ocr-capabilities' content='ocr_page ocr_carea ocr_par ocr_line ocrx_word'/>
</head>
<body>
  <div class='ocr_page' id='page_1' title='image "./mtulliiciceroni106cicegoog/mtulliiciceroni106cicegoog_0069.png"; bbox 0 0 2220 3432; ppageno 0'>
   <div class='ocr_carea' id='block_1_1' title="bbox 108 102 725 155">
    <p class='ocr_par' dir='ltr' id='par_1_1' title="bbox 108 102 725 155">
     <span class='ocr_line' id='line_1_1' title="bbox 108 102 725 155; baseline 0.005 -3"><span class='ocrx_word' id='word_1_1' title='bbox 108 105 140 152; x_wconf 74' lang='lat'>58</span> <span class='ocrx_word' id='word_1_2' title='bbox 332 102 381 152; x_wconf 80' lang='lat' dir='ltr'>DE</span> <span class='ocrx_word' id='word_1_3' title='bbox 397 104 547 154; x_wconf 84' lang='lat' dir='ltr'><strong>NATURA</strong></span> <span class='ocrx_word' id='word_1_4' title='bbox 563 103 725 155; x_wconf 84' lang='lat' dir='ltr'><strong>DEORUM.</strong></span> 
     </span>
    </p>
   </div>
   <div class='ocr_carea' id='block_1_2' title="bbox 29 203 955 3165">
    <p class='ocr_par' dir='ltr' id='par_1_2' title="bbox 107 203 953 443">
     <span class='ocr_line' id='line_1_2' title="bbox 108 203 953 282; baseline 0.004 -21"><span class='ocrx_word' id='word_1_5' title='bbox 108 204 237 261; x_wconf 81' lang='lat' dir='ltr'>stantius.</span> <span class='ocrx_word' id='word_1_6' title='bbox 281 203 327 262; x_wconf 86' lang='lat' dir='ltr'>lta</span> <span class='ocrx_word' id='word_1_7' title='bbox 343 223 457 262; x_wconf 87' lang='lat' dir='ltr'>necesse</span> <span class='ocrx_word' id='word_1_8' title='bbox 474 211 517 262; x_wconf 91' lang='lat' dir='ltr'>est</span> <span class='ocrx_word' id='word_1_9' title='bbox 534 205 606 262; x_wconf 93' lang='lat' dir='ltr'>illud</span> <span class='ocrx_word' id='word_1_10' title='bbox 623 205 719 276; x_wconf 89' lang='lat' dir='ltr'>etiam,</span> <span class='ocrx_word' id='word_1_11' title='bbox 733 205 762 262; x_wconf 92' lang='lat' dir='ltr'>in</span> <span class='ocrx_word' id='word_1_12' title='bbox 780 224 838 282; x_wconf 91' lang='lat' dir='ltr'>qno</span> <span class='ocrx_word' id='word_1_13' title='bbox 855 206 893 263; x_wconf 87' lang='lat' dir='ltr'>sit</span> <span class='ocrx_word' id='word_1_14' title='bbox 909 214 953 264; x_wconf 89' lang='lat' dir='ltr'>to-</span> 
     </span>
     <span class='ocr_line' id='line_1_3' title="bbox 108 284 953 362; baseline 0.001 -20"><span class='ocrx_word' id='word_1_15' title='bbox 108 285 166 342; x_wconf 89' lang='lat' dir='ltr'>tius</span> <span class='ocrx_word' id='word_1_16' title='bbox 183 292 299 342; x_wconf 88' lang='lat' dir='ltr'>naturae</span> <span class='ocrx_word' id='word_1_17' title='bbox 314 284 500 362; x_wconf 66' lang='lat' dir='ltr'>principatus</span> <span class='ocrx_word' id='word_1_18' title='bbox 513 304 573 342; x_wconf 91' lang='lat' dir='ltr'>esse</span> <span class='ocrx_word' id='word_1_19' title='bbox 588 286 718 342; x_wconf 91' lang='lat' dir='ltr'>omnium</span> <span class='ocrx_word' id='word_1_20' title='bbox 734 286 876 362; x_wconf 86' lang='lat' dir='ltr'>optimum</span> <span class='ocrx_word' id='word_1_21' title='bbox 892 306 953 344; x_wconf 93' lang='lat' dir='ltr'>om·</span> 
     </span>
     <span class='ocr_line' id='line_1_4' title="bbox 107 365 951 443; baseline 0.005 -23"><span class='ocrx_word' id='word_1_22' title='bbox 107 365 245 442; x_wconf 86' lang='lat' dir='ltr'>niumque</span> <span class='ocrx_word' id='word_1_23' title='bbox 260 384 352 421; x_wconf 88' lang='lat' dir='ltr'>rerum</span> <span class='ocrx_word' id='word_1_24' title='bbox 364 371 507 441; x_wconf 75' lang='lat' dir='ltr'>potestate</span> <span class='ocrx_word' id='word_1_25' title='bbox 518 365 725 443; x_wconf 81' lang='lat' dir='ltr'>dominatuque</span> <span class='ocrx_word' id='word_1_26' title='bbox 740 365 951 442; x_wconf 80' lang='lat' dir='ltr'>dignissimum.</span> 
     </span>
    </p>

    <p class='ocr_par' dir='ltr' id='par_1_3' title="bbox 29 444 955 3165">
     <span class='ocr_line' id='line_1_5' title="bbox 149 444 953 523; baseline 0.005 -23"><span class='ocrx_word' id='word_1_27' title='bbox 149 451 195 502; x_wconf 86' lang='lat'>30.</span> <span class='ocrx_word' id='word_1_28' title='bbox 214 444 353 502; x_wconf 87' lang='lat' dir='ltr'>Videmus</span> <span class='ocrx_word' id='word_1_29' title='bbox 370 453 465 502; x_wconf 87' lang='lat' dir='ltr'>autem</span> <span class='ocrx_word' id='word_1_30' title='bbox 483 445 513 502; x_wconf 93' lang='lat' dir='ltr'>in</span> <span class='ocrx_word' id='word_1_31' title='bbox 530 445 659 523; x_wconf 88' lang='lat' dir='ltr'>partibus</span> <span class='ocrx_word' id='word_1_32' title='bbox 675 446 891 503; x_wconf 90' lang='lat' dir='ltr'>mundi-nihil</span> <span class='ocrx_word' id='word_1_33' title='bbox 908 455 953 504; x_wconf 85' lang='lat' dir='ltr'>est</span> 
     </span>
     <span class='ocr_line' id='line_1_6' title="bbox 108 524 953 602; baseline 0.004 -22"><span class='ocrx_word' id='word_1_34' title='bbox 108 524 231 581; x_wconf 88' lang='lat' dir='ltr'>enimin</span> <span class='ocrx_word' id='word_1_35' title='bbox 250 525 329 582; x_wconf 90' lang='lat' dir='ltr'>omni</span> <span class='ocrx_word' id='word_1_36' title='bbox 347 525 456 582; x_wconf 93' lang='lat' dir='ltr'>mundo</span> <span class='ocrx_word' id='word_1_37' title='bbox 474 526 552 602; x_wconf 91' lang='lat' dir='ltr'>quod</span> <span class='ocrx_word' id='word_1_38' title='bbox 569 545 628 582; x_wconf 89' lang='lat' dir='ltr'>uon</span> <span class='ocrx_word' id='word_1_39' title='bbox 645 545 711 602; x_wconf 85' lang='lat' dir='ltr'>pars</span> <span class='ocrx_word' id='word_1_40' title='bbox 732 526 856 583; x_wconf 89' lang='lat' dir='ltr'>universi</span> <span class='ocrx_word' id='word_1_41' title='bbox 873 526 953 584; x_wconf 81' lang='lat' dir='ltr'>sit-</span> 
     </span>
     <span class='ocr_line' id='line_1_7' title="bbox 108 604 953 684; baseline 0.004 -23"><span class='ocrx_word' id='word_1_42' title='bbox 108 605 199 661; x_wconf 88' lang='lat' dir='ltr'>inesse</span> <span class='ocrx_word' id='word_1_43' title='bbox 210 623 324 662; x_wconf 87' lang='lat' dir='ltr'>sensum</span> <span class='ocrx_word' id='word_1_44' title='bbox 340 612 369 662; x_wconf 87' lang='lat' dir='ltr'>et</span> <span class='ocrx_word' id='word_1_45' title='bbox 379 604 527 662; x_wconf 87' lang='lat' dir='ltr'>rationem.</span> <span class='ocrx_word' id='word_1_46' title='bbox 563 605 596 662; x_wconf 92' lang='lat' dir='ltr'>ln</span> <span class='ocrx_word' id='word_1_47' title='bbox 612 624 645 662; x_wconf 90' lang='lat' dir='ltr'>ea</span> <span class='ocrx_word' id='word_1_48' title='bbox 655 614 736 682; x_wconf 89' lang='lat' dir='ltr'>parte</span> <span class='ocrx_word' id='word_1_49' title='bbox 748 606 837 683; x_wconf 81' lang='lat' dir='ltr'>igitur</span> <span class='ocrx_word' id='word_1_50' title='bbox 850 606 879 663; x_wconf 93' lang='lat' dir='ltr'>in</span> <span class='ocrx_word' id='word_1_51' title='bbox 896 625 953 684; x_wconf 88' lang='lat' dir='ltr'>qua</span> 
     </span>
     <span class='ocr_line' id='line_1_8' title="bbox 107 684 952 762; baseline 0.005 -22"><span class='ocrx_word' id='word_1_52' title='bbox 107 684 210 742; x_wconf 92' lang='lat' dir='ltr'>mundi</span> <span class='ocrx_word' id='word_1_53' title='bbox 231 685 306 742; x_wconf 82' lang='lat' dir='ltr'>inest</span> <span class='ocrx_word' id='word_1_54' title='bbox 322 685 507 762; x_wconf 81' lang='lat' dir='ltr'>principatus,</span> <span class='ocrx_word' id='word_1_55' title='bbox 523 685 593 742; x_wconf 86' lang='lat' dir='ltr'>haec</span> <span class='ocrx_word' id='word_1_56' title='bbox 613 685 705 743; x_wconf 88' lang='lat' dir='ltr'>inesse</span> <span class='ocrx_word' id='word_1_57' title='bbox 727 705 841 744; x_wconf 90' lang='lat' dir='ltr'>necesso</span> <span class='ocrx_word' id='word_1_58' title='bbox 863 694 905 744; x_wconf 87' lang='lat' dir='ltr'>est</span> <span class='ocrx_word' id='word_1_59' title='bbox 922 697 952 744; x_wconf 90' lang='lat' dir='ltr'>ct</span> 
     </span>
     <span class='ocr_line' id='line_1_9' title="bbox 108 763 952 843; baseline 0.004 -23"><span class='ocrx_word' id='word_1_60' title='bbox 108 765 216 822; x_wconf 85' lang='lat' dir='ltr'>acriora</span> <span class='ocrx_word' id='word_1_61' title='bbox 233 763 349 841; x_wconf 91' lang='lat' dir='ltr'>quidem</span> <span class='ocrx_word' id='word_1_62' title='bbox 366 772 452 842; x_wconf 89' lang='lat' dir='ltr'>atque</span> <span class='ocrx_word' id='word_1_63' title='bbox 474 766 589 824; x_wconf 85' lang='lat' dir='ltr'>maiora.</span> <span class='ocrx_word' id='word_1_64' title='bbox 632 764 773 833; x_wconf 82' lang='lat' dir='ltr'>Quocirca</span> <span class='ocrx_word' id='word_1_65' title='bbox 793 767 952 843; x_wconf 89' lang='lat' dir='ltr'>sapientem</span> 
     </span>
     <span class='ocr_line' id='line_1_10' title="bbox 108 844 952 924; baseline 0.004 -23"><span class='ocrx_word' id='word_1_66' title='bbox 108 864 169 902; x_wconf 88' lang='lat' dir='ltr'>esse</span> <span class='ocrx_word' id='word_1_67' title='bbox 185 844 325 901; x_wconf 91' lang='lat' dir='ltr'>mundum</span> <span class='ocrx_word' id='word_1_68' title='bbox 343 864 457 902; x_wconf 85' lang='lat' dir='ltr'>necesse</span> <span class='ocrx_word' id='word_1_69' title='bbox 475 853 517 904; x_wconf 88' lang='lat' dir='ltr'>est</span> <span class='ocrx_word' id='word_1_70' title='bbox 532 853 720 924; x_wconf 82' lang='lat' dir='ltr'>naturamque</span> <span class='ocrx_word' id='word_1_71' title='bbox 737 866 799 904; x_wconf 89' lang='lat' dir='ltr'>eam</span> <span class='ocrx_word' id='word_1_72' title='bbox 818 866 890 924; x_wconf 88' lang='lat' dir='ltr'>quae</span> <span class='ocrx_word' id='word_1_73' title='bbox 907 866 952 904; x_wconf 89' lang='lat' dir='ltr'>res</span> 
     </span>
     <span class='ocr_line' id='line_1_11' title="bbox 108 924 952 1002; baseline 0.004 -21"><span class='ocrx_word' id='word_1_74' title='bbox 108 943 209 981; x_wconf 93' lang='lat' dir='ltr'>omnes</span> <span class='ocrx_word' id='word_1_75' title='bbox 225 924 374 1001; x_wconf 86' lang='lat' dir='ltr'>complexa</span> <span class='ocrx_word' id='word_1_76' title='bbox 391 932 487 984; x_wconf 91' lang='lat' dir='ltr'>teneat</span> <span class='ocrx_word' id='word_1_77' title='bbox 503 926 681 1002; x_wconf 85' lang='lat' dir='ltr'>perfectione</span> <span class='ocrx_word' id='word_1_78' title='bbox 699 927 819 984; x_wconf 87' lang='lat' dir='ltr'>rationis</span> <span class='ocrx_word' id='word_1_79' title='bbox 836 927 952 984; x_wconf 84' lang='lat' dir='ltr'>excelle·</span> 
     </span>
     <span class='ocr_line' id='line_1_12' title="bbox 108 1003 953 1084; baseline 0.005 -24"><span class='ocrx_word' id='word_1_80' title='bbox 108 1023 146 1074; x_wconf 82' lang='lat' dir='ltr'>ne,</span> <span class='ocrx_word' id='word_1_81' title='bbox 157 1021 248 1081; x_wconf 90' lang='lat' dir='ltr'>eoque</span> <span class='ocrx_word' id='word_1_82' title='bbox 262 1003 347 1061; x_wconf 89' lang='lat' dir='ltr'>deum</span> <span class='ocrx_word' id='word_1_83' title='bbox 363 1024 422 1062; x_wconf 87' lang='lat' dir='ltr'>esse</span> <span class='ocrx_word' id='word_1_84' title='bbox 436 1005 576 1062; x_wconf 92' lang='lat' dir='ltr'>mundum</span> <span class='ocrx_word' id='word_1_85' title='bbox 592 1025 765 1084; x_wconf 90' lang='lat' dir='ltr'>omnemque</span> <span class='ocrx_word' id='word_1_86' title='bbox 777 1008 834 1064; x_wconf 93' lang='lat' dir='ltr'>vim</span> <span class='ocrx_word' id='word_1_87' title='bbox 849 1007 953 1065; x_wconf 91' lang='lat' dir='ltr'>mundi</span> 
     </span>
     <span class='ocr_line' id='line_1_13' title="bbox 109 1083 952 1162; baseline 0.005 -22"><span class='ocrx_word' id='word_1_88' title='bbox 109 1092 210 1141; x_wconf 85' lang='lat' dir='ltr'>natura</span> <span class='ocrx_word' id='word_1_89' title='bbox 224 1083 323 1141; x_wconf 88' lang='lat' dir='ltr'>divina</span> <span class='ocrx_word' id='word_1_90' title='bbox 335 1085 484 1143; x_wconf 85' lang='lat' dir='ltr'>contineri.</span> <span class='ocrx_word' id='word_1_91' title='bbox 518 1086 617 1162; x_wconf 82' lang='lat' dir='ltr'>Atque</span> <span class='ocrx_word' id='word_1_92' title='bbox 628 1087 714 1143; x_wconf 88' lang='lat' dir='ltr'>etiam</span> <span class='ocrx_word' id='word_1_93' title='bbox 726 1086 828 1146; x_wconf 89' lang='lat' dir='ltr'>mundi</span> <span class='ocrx_word' id='word_1_94' title='bbox 839 1087 886 1144; x_wconf 92' lang='lat' dir='ltr'>ille</span> <span class='ocrx_word' id='word_1_95' title='bbox 897 1088 952 1144; x_wconf 84' lang='lat' dir='ltr'>fer·</span> 
     </span>
     <span class='ocr_line' id='line_1_14' title="bbox 109 1165 953 1243; baseline 0.004 -22"><span class='ocrx_word' id='word_1_96' title='bbox 109 1183 160 1221; x_wconf 88' lang='lat' dir='ltr'>vor</span> <span class='ocrx_word' id='word_1_97' title='bbox 173 1165 279 1240; x_wconf 89' lang='lat' dir='ltr'>purior,</span> <span class='ocrx_word' id='word_1_98' title='bbox 290 1165 463 1242; x_wconf 89' lang='lat' dir='ltr'>perlucidior</span> <span class='ocrx_word' id='word_1_99' title='bbox 476 1165 666 1243; x_wconf 88' lang='lat' dir='ltr'>mobiliorque</span> <span class='ocrx_word' id='word_1_100' title='bbox 680 1166 773 1224; x_wconf 92' lang='lat' dir='ltr'>multo</span> <span class='ocrx_word' id='word_1_101' title='bbox 787 1174 831 1226; x_wconf 87' lang='lat' dir='ltr'>est</span> <span class='ocrx_word' id='word_1_102' title='bbox 842 1166 879 1224; x_wconf 94' lang='lat' dir='ltr'>ob</span> <span class='ocrx_word' id='word_1_103' title='bbox 894 1187 953 1225; x_wconf 86' lang='lat' dir='ltr'>eas·</span> 
     </span>
     <span class='ocr_line' id='line_1_15' title="bbox 109 1245 952 1325; baseline 0.007 -25"><span class='ocrx_word' id='word_1_104' title='bbox 109 1263 164 1320; x_wconf 89' lang='lat' dir='ltr'>que</span> <span class='ocrx_word' id='word_1_105' title='bbox 179 1263 276 1302; x_wconf 86' lang='lat' dir='ltr'>causas</span> <span class='ocrx_word' id='word_1_106' title='bbox 290 1245 385 1322; x_wconf 88' lang='lat' dir='ltr'>aptior</span> <span class='ocrx_word' id='word_1_107' title='bbox 401 1245 437 1302; x_wconf 86' lang='lat' dir='ltr'>ad</span> <span class='ocrx_word' id='word_1_108' title='bbox 451 1265 550 1303; x_wconf 89' lang='lat' dir='ltr'>sensus</span> <span class='ocrx_word' id='word_1_109' title='bbox 566 1247 790 1307; x_wconf 88' lang='lat' dir='ltr'>commovendos</span> <span class='ocrx_word' id='word_1_110' title='bbox 804 1266 888 1325; x_wconf 89' lang='lat' dir='ltr'>quam</span> <span class='ocrx_word' id='word_1_111' title='bbox 904 1247 952 1306; x_wconf 81' lang='lat' dir='ltr'>hic</span> 
     </span>
     <span class='ocr_line' id='line_1_16' title="bbox 109 1324 953 1403; baseline 0.004 -21"><span class='ocrx_word' id='word_1_112' title='bbox 109 1331 206 1382; x_wconf 87' lang='lat' dir='ltr'>noster</span> <span class='ocrx_word' id='word_1_113' title='bbox 222 1324 305 1396; x_wconf 85' lang='lat' dir='ltr'>calor,</span> <span class='ocrx_word' id='word_1_114' title='bbox 318 1344 375 1402; x_wconf 90' lang='lat' dir='ltr'>quo</span> <span class='ocrx_word' id='word_1_115' title='bbox 389 1325 459 1382; x_wconf 87' lang='lat' dir='ltr'>haec</span> <span class='ocrx_word' id='word_1_116' title='bbox 477 1345 549 1403; x_wconf 87' lang='lat' dir='ltr'>quae</span> <span class='ocrx_word' id='word_1_117' title='bbox 562 1334 632 1383; x_wconf 88' lang='lat' dir='ltr'>nota</span> <span class='ocrx_word' id='word_1_118' title='bbox 648 1326 732 1384; x_wconf 88' lang='lat' dir='ltr'>nobis</span> <span class='ocrx_word' id='word_1_119' title='bbox 749 1335 816 1385; x_wconf 91' lang='lat' dir='ltr'>sunt</span> <span class='ocrx_word' id='word_1_120' title='bbox 830 1328 953 1385; x_wconf 90' lang='lat' dir='ltr'>retinen-</span> 
     </span>
     <span class='ocr_line' id='line_1_17' title="bbox 108 1405 951 1483; baseline 0.004 -22"><span class='ocrx_word' id='word_1_121' title='bbox 108 1411 156 1462; x_wconf 87' lang='lat' dir='ltr'>tur</span> <span class='ocrx_word' id='word_1_122' title='bbox 170 1411 199 1462; x_wconf 92' lang='lat' dir='ltr'>et</span> <span class='ocrx_word' id='word_1_123' title='bbox 213 1405 319 1480; x_wconf 82' lang='lat' dir='ltr'>vigent.</span> <span class='ocrx_word' id='word_1_124' title='bbox 363 1411 409 1463; x_wconf 83' lang='lat'>31.</span> <span class='ocrx_word' id='word_1_125' title='bbox 426 1405 592 1463; x_wconf 90' lang='lat' dir='ltr'>Absurdum</span> <span class='ocrx_word' id='word_1_126' title='bbox 610 1415 654 1465; x_wconf 84' lang='lat' dir='ltr'>est</span> <span class='ocrx_word' id='word_1_127' title='bbox 667 1407 757 1483; x_wconf 76' lang='lat' dir='ltr'>igitur</span> <span class='ocrx_word' id='word_1_128' title='bbox 771 1408 872 1479; x_wconf 86' lang='lat' dir='ltr'>dicere,</span> <span class='ocrx_word' id='word_1_129' title='bbox 885 1427 951 1465; x_wconf 91' lang='lat' dir='ltr'>eum</span> 
     </span>
     <span class='ocr_line' id='line_1_18' title="bbox 109 1484 953 1565; baseline 0.005 -23"><span class='ocrx_word' id='word_1_130' title='bbox 109 1484 240 1542; x_wconf 89' lang='lat' dir='ltr'>homines</span> <span class='ocrx_word' id='word_1_131' title='bbox 251 1485 414 1562; x_wconf 86' lang='lat' dir='ltr'>bestiaeque</span> <span class='ocrx_word' id='word_1_132' title='bbox 424 1485 480 1543; x_wconf 89' lang='lat' dir='ltr'>hoc</span> <span class='ocrx_word' id='word_1_133' title='bbox 494 1486 586 1544; x_wconf 89' lang='lat' dir='ltr'>calore</span> <span class='ocrx_word' id='word_1_134' title='bbox 597 1495 748 1545; x_wconf 86' lang='lat' dir='ltr'>teneantur</span> <span class='ocrx_word' id='word_1_135' title='bbox 762 1495 791 1546; x_wconf 92' lang='lat' dir='ltr'>et</span> <span class='ocrx_word' id='word_1_136' title='bbox 801 1494 953 1565; x_wconf 85' lang='lat' dir='ltr'>propterea</span> 
     </span>
     <span class='ocr_line' id='line_1_19' title="bbox 108 1566 952 1646; baseline 0.006 -25"><span class='ocrx_word' id='word_1_137' title='bbox 108 1573 279 1624; x_wconf 88' lang='lat' dir='ltr'>moveantur</span> <span class='ocrx_word' id='word_1_138' title='bbox 294 1585 327 1622; x_wconf 88' lang='lat' dir='ltr'>ac</span> <span class='ocrx_word' id='word_1_139' title='bbox 344 1566 469 1624; x_wconf 86' lang='lat' dir='ltr'>sentiant</span> <span class='ocrx_word' id='word_1_140' title='bbox 483 1567 623 1624; x_wconf 91' lang='lat' dir='ltr'>mundum</span> <span class='ocrx_word' id='word_1_141' title='bbox 641 1585 701 1625; x_wconf 86' lang='lat' dir='ltr'>esse</span> <span class='ocrx_word' id='word_1_142' title='bbox 719 1568 779 1625; x_wconf 90' lang='lat' dir='ltr'>sine</span> <span class='ocrx_word' id='word_1_143' title='bbox 796 1569 952 1646; x_wconf 84' lang='lat' dir='ltr'>sens11,qui</span> 
     </span>
     <span class='ocr_line' id='line_1_20' title="bbox 109 1645 953 1724; baseline 0.005 -22"><span class='ocrx_word' id='word_1_144' title='bbox 109 1645 221 1722; x_wconf 80' lang='lat' dir='ltr'>integro</span> <span class='ocrx_word' id='word_1_145' title='bbox 236 1652 265 1702; x_wconf 90' lang='lat' dir='ltr'>et</span> <span class='ocrx_word' id='word_1_146' title='bbox 279 1664 352 1721; x_wconf 89' lang='lat' dir='ltr'>puro</span> <span class='ocrx_word' id='word_1_147' title='bbox 369 1653 398 1703; x_wconf 92' lang='lat' dir='ltr'>et</span> <span class='ocrx_word' id='word_1_148' title='bbox 413 1646 502 1703; x_wconf 88' lang='lat' dir='ltr'>libero</span> <span class='ocrx_word' id='word_1_149' title='bbox 520 1646 678 1724; x_wconf 90' lang='lat' dir='ltr'>eodemque</span> <span class='ocrx_word' id='word_1_150' title='bbox 695 1648 832 1706; x_wconf 84' lang='lat' dir='ltr'>acerrimo</span> <span class='ocrx_word' id='word_1_151' title='bbox 849 1656 878 1706; x_wconf 93' lang='lat' dir='ltr'>et</span> <span class='ocrx_word' id='word_1_152' title='bbox 892 1668 953 1706; x_wconf 90' lang='lat' dir='ltr'>mo·</span> 
     </span>
     <span class='ocr_line' id='line_1_21' title="bbox 109 1724 950 1803; baseline 0.005 -21"><span class='ocrx_word' id='word_1_153' title='bbox 109 1725 249 1782; x_wconf 89' lang='lat' dir='ltr'>bilissimo</span> <span class='ocrx_word' id='word_1_154' title='bbox 270 1724 370 1782; x_wconf 88' lang='lat' dir='ltr'>ardore</span> <span class='ocrx_word' id='word_1_155' title='bbox 387 1732 525 1796; x_wconf 87' lang='lat' dir='ltr'>teneatur,</span> <span class='ocrx_word' id='word_1_156' title='bbox 540 1727 707 1803; x_wconf 86' lang='lat' dir='ltr'>praesertim</span> <span class='ocrx_word' id='word_1_157' title='bbox 728 1747 793 1786; x_wconf 93' lang='lat' dir='ltr'>cum</span> <span class='ocrx_word' id='word_1_158' title='bbox 811 1729 836 1786; x_wconf 90' lang='lat' dir='ltr'>is</span> <span class='ocrx_word' id='word_1_159' title='bbox 858 1729 950 1799; x_wconf 85' lang='lat' dir='ltr'>ardor,</span> 
     </span>
     <span class='ocr_line' id='line_1_22' title="bbox 109 1805 952 1885; baseline 0.007 -24"><span class='ocrx_word' id='word_1_160' title='bbox 109 1805 158 1882; x_wconf 95' lang='lat' dir='ltr'>qui</span> <span class='ocrx_word' id='word_1_161' title='bbox 176 1815 219 1862; x_wconf 91' lang='lat' dir='ltr'>est</span> <span class='ocrx_word' id='word_1_162' title='bbox 235 1805 345 1876; x_wconf 86' lang='lat' dir='ltr'>mundi,</span> <span class='ocrx_word' id='word_1_163' title='bbox 361 1823 419 1862; x_wconf 89' lang='lat' dir='ltr'>non</span> <span class='ocrx_word' id='word_1_164' title='bbox 441 1807 565 1882; x_wconf 83' lang='lat' dir='ltr'>agitatus</span> <span class='ocrx_word' id='word_1_165' title='bbox 585 1807 621 1864; x_wconf 88' lang='lat' dir='ltr'>ab</span> <span class='ocrx_word' id='word_1_166' title='bbox 643 1807 698 1865; x_wconf 88' lang='lat' dir='ltr'>alio</span> <span class='ocrx_word' id='word_1_167' title='bbox 720 1827 813 1885; x_wconf 89' lang='lat' dir='ltr'>neque</span> <span class='ocrx_word' id='word_1_168' title='bbox 835 1816 952 1867; x_wconf 87' lang='lat' dir='ltr'>externo</span> 
     </span>
     <span class='ocr_line' id='line_1_23' title="bbox 109 1884 951 1964; baseline 0.007 -23"><span class='ocrx_word' id='word_1_169' title='bbox 109 1885 202 1961; x_wconf 86' lang='lat' dir='ltr'>pulsu,</span> <span class='ocrx_word' id='word_1_170' title='bbox 213 1884 262 1942; x_wconf 88' lang='lat' dir='ltr'>sed</span> <span class='ocrx_word' id='word_1_171' title='bbox 273 1904 324 1961; x_wconf 88' lang='lat' dir='ltr'>per</span> <span class='ocrx_word' id='word_1_172' title='bbox 338 1904 367 1942; x_wconf 89' lang='lat' dir='ltr'>se</span> <span class='ocrx_word' id='word_1_173' title='bbox 381 1885 443 1962; x_wconf 85' lang='lat' dir='ltr'>ipse</span> <span class='ocrx_word' id='word_1_174' title='bbox 456 1905 489 1943; x_wconf 90' lang='lat' dir='ltr'>ac</span> <span class='ocrx_word' id='word_1_175' title='bbox 504 1905 553 1943; x_wconf 84' lang='lat' dir='ltr'>sua</span> <span class='ocrx_word' id='word_1_176' title='bbox 568 1896 670 1964; x_wconf 88' lang='lat' dir='ltr'>sponte</span> <span class='ocrx_word' id='word_1_177' title='bbox 684 1898 840 1947; x_wconf 86' lang='lat' dir='ltr'>moveatur.</span> <span class='ocrx_word' id='word_1_178' title='bbox 876 1889 951 1948; x_wconf 86' lang='lat' dir='ltr'>Nam</span> 
     </span>
     <span class='ocr_line' id='line_1_24' title="bbox 110 1965 952 2047; baseline 0.006 -25"><span class='ocrx_word' id='word_1_179' title='bbox 110 1965 180 2042; x_wconf 89' lang='lat' dir='ltr'>quid</span> <span class='ocrx_word' id='word_1_180' title='bbox 198 1972 295 2041; x_wconf 89' lang='lat' dir='ltr'>potest</span> <span class='ocrx_word' id='word_1_181' title='bbox 312 1985 371 2023; x_wconf 90' lang='lat' dir='ltr'>esse</span> <span class='ocrx_word' id='word_1_182' title='bbox 388 1965 498 2025; x_wconf 89' lang='lat' dir='ltr'>mundo</span> <span class='ocrx_word' id='word_1_183' title='bbox 512 1966 652 2025; x_wconf 81' lang='lat' dir='ltr'>valentius</span> <span class='ocrx_word' id='word_1_184' title='bbox 670 1968 748 2046; x_wconf 90' lang='lat' dir='ltr'>quod</span> <span class='ocrx_word' id='word_1_185' title='bbox 763 1969 850 2045; x_wconf 86' lang='lat' dir='ltr'>pellat</span> <span class='ocrx_word' id='word_1_186' title='bbox 866 1977 952 2047; x_wconf 87' lang='lat' dir='ltr'>atquc</span> 
     </span>
     <span class='ocr_line' id='line_1_25' title="bbox 109 2045 950 2124; baseline 0.008 -22"><span class='ocrx_word' id='word_1_187' title='bbox 109 2053 225 2103; x_wconf 88' lang='lat' dir='ltr'>moveat</span> <span class='ocrx_word' id='word_1_188' title='bbox 244 2045 366 2103; x_wconf 86' lang='lat' dir='ltr'>calorem</span> <span class='ocrx_word' id='word_1_189' title='bbox 388 2065 453 2104; x_wconf 92' lang='lat' dir='ltr'>eum</span> <span class='ocrx_word' id='word_1_190' title='bbox 476 2066 533 2124; x_wconf 92' lang='lat' dir='ltr'>quo</span> <span class='ocrx_word' id='word_1_191' title='bbox 553 2047 601 2106; x_wconf 90' lang='lat' dir='ltr'>ille</span> <span class='ocrx_word' id='word_1_192' title='bbox 621 2051 770 2107; x_wconf 82' lang='lat' dir='ltr'>teneaturl</span> <span class='ocrx_word' id='word_1_193' title='bbox 811 2049 880 2108; x_wconf 90' lang='lat' dir='ltr'><strong>XII.</strong></span> <span class='ocrx_word' id='word_1_194' title='bbox 905 2057 950 2109; x_wconf 76' lang='lat'>32.</span> 
     </span>
     <span class='ocr_line' id='line_1_26' title="bbox 109 2125 954 2209; baseline 0.008 -27"><span class='ocrx_word' id='word_1_195' title='bbox 109 2126 272 2183; x_wconf 84' lang='lat' dir='ltr'>Audiamus</span> <span class='ocrx_word' id='word_1_196' title='bbox 283 2126 360 2183; x_wconf 90' lang='lat' dir='ltr'>enim</span> <span class='ocrx_word' id='word_1_197' title='bbox 372 2125 522 2184; x_wconf 88' lang='lat' dir='ltr'>Platonem</span> <span class='ocrx_word' id='word_1_198' title='bbox 535 2128 616 2203; x_wconf 86' lang='lat' dir='ltr'>quasi</span> <span class='ocrx_word' id='word_1_199' title='bbox 628 2130 770 2206; x_wconf 89' lang='lat' dir='ltr'>quendam</span> <span class='ocrx_word' id='word_1_200' title='bbox 787 2131 873 2190; x_wconf 91' lang='lat' dir='ltr'>deum</span> <span class='ocrx_word' id='word_1_201' title='bbox 890 2133 954 2209; x_wconf 91' lang='lat' dir='ltr'>phi-</span> 
     </span>
     <span class='ocr_line' id='line_1_27' title="bbox 29 2204 951 2283; baseline 0.005 -22"><span class='ocrx_word' id='word_1_202' title='bbox 29 2271 31 2274; x_wconf 27' lang='lat'>·</span> <span class='ocrx_word' id='word_1_203' title='bbox 110 2204 311 2282; x_wconf 89' lang='lat' dir='ltr'>losophorum:</span> <span class='ocrx_word' id='word_1_204' title='bbox 329 2207 375 2264; x_wconf 89' lang='lat' dir='ltr'>oui</span> <span class='ocrx_word' id='word_1_205' title='bbox 386 2207 459 2264; x_wconf 91' lang='lat' dir='ltr'>duos</span> <span class='ocrx_word' id='word_1_206' title='bbox 470 2207 563 2283; x_wconf 86' lang='lat' dir='ltr'>placet</span> <span class='ocrx_word' id='word_1_207' title='bbox 574 2227 634 2266; x_wconf 87' lang='lat' dir='ltr'>esse</span> <span class='ocrx_word' id='word_1_208' title='bbox 646 2218 847 2280; x_wconf 89' lang='lat' dir='ltr'>motus‚unum</span> <span class='ocrx_word' id='word_1_209' title='bbox 859 2229 951 2279; x_wconf 87' lang='lat' dir='ltr'>suum,</span> 
     </span>
     <span class='ocr_line' id='line_1_28' title="bbox 110 2285 951 2366; baseline 0.004 -23"><span class='ocrx_word' id='word_1_210' title='bbox 110 2285 230 2344; x_wconf 87' lang='lat' dir='ltr'>alterum</span> <span class='ocrx_word' id='word_1_211' title='bbox 252 2293 409 2358; x_wconf 71' lang='lat' dir='ltr'>eudemum,</span> <span class='ocrx_word' id='word_1_212' title='bbox 425 2307 485 2344; x_wconf 87' lang='lat' dir='ltr'>esse</span> <span class='ocrx_word' id='word_1_213' title='bbox 506 2295 602 2346; x_wconf 88' lang='lat' dir='ltr'>autem</span> <span class='ocrx_word' id='word_1_214' title='bbox 619 2289 744 2346; x_wconf 91' lang='lat' dir='ltr'>divinius</span> <span class='ocrx_word' id='word_1_215' title='bbox 762 2290 840 2366; x_wconf 93' lang='lat' dir='ltr'>quod</span> <span class='ocrx_word' id='word_1_216' title='bbox 857 2290 951 2366; x_wconf 90' lang='lat' dir='ltr'>ipsum</span> 
     </span>
     <span class='ocr_line' id='line_1_29' title="bbox 110 2369 954 2446; baseline 0.007 -24"><span class='ocrx_word' id='word_1_217' title='bbox 110 2385 145 2422; x_wconf 83' lang='lat' dir='ltr'>ex</span> <span class='ocrx_word' id='word_1_218' title='bbox 160 2383 189 2422; x_wconf 87' lang='lat' dir='ltr'>ae</span> <span class='ocrx_word' id='word_1_219' title='bbox 203 2385 255 2422; x_wconf 82' lang='lat' dir='ltr'>aua</span> <span class='ocrx_word' id='word_1_220' title='bbox 268 2373 371 2442; x_wconf 87' lang='lat' dir='ltr'>sponte</span> <span class='ocrx_word' id='word_1_221' title='bbox 385 2374 534 2424; x_wconf 87' lang='lat' dir='ltr'>moveatur</span> <span class='ocrx_word' id='word_1_222' title='bbox 544 2387 630 2444; x_wconf 88' lang='lat' dir='ltr'>qnam</span> <span class='ocrx_word' id='word_1_223' title='bbox 642 2369 721 2446; x_wconf 89' lang='lat' dir='ltr'>quod</span> <span class='ocrx_word' id='word_1_224' title='bbox 730 2371 814 2446; x_wconf 86' lang='lat' dir='ltr'>pulsu</span> <span class='ocrx_word' id='word_1_225' title='bbox 828 2371 954 2446; x_wconf 84' lang='lat' dir='ltr'>agitetur</span> 
     </span>
     <span class='ocr_line' id='line_1_30' title="bbox 110 2445 954 2527; baseline 0.005 -23"><span class='ocrx_word' id='word_1_226' title='bbox 110 2445 212 2504; x_wconf 87' lang='lat' dir='ltr'>alieno.</span> <span class='ocrx_word' id='word_1_227' title='bbox 248 2445 335 2504; x_wconf 89' lang='lat' dir='ltr'>Hunc</span> <span class='ocrx_word' id='word_1_228' title='bbox 349 2453 445 2506; x_wconf 88' lang='lat' dir='ltr'>autem</span> <span class='ocrx_word' id='word_1_229' title='bbox 460 2454 572 2505; x_wconf 91' lang='lat' dir='ltr'>motum</span> <span class='ocrx_word' id='word_1_230' title='bbox 585 2449 615 2507; x_wconf 90' lang='lat' dir='ltr'>iu</span> <span class='ocrx_word' id='word_1_231' title='bbox 630 2449 697 2507; x_wconf 89' lang='lat' dir='ltr'>solis</span> <span class='ocrx_word' id='word_1_232' title='bbox 711 2451 814 2508; x_wconf 87' lang='lat' dir='ltr'>animis</span> <span class='ocrx_word' id='word_1_233' title='bbox 829 2471 888 2509; x_wconf 84' lang='lat' dir='ltr'>esee</span> <span class='ocrx_word' id='word_1_234' title='bbox 903 2470 954 2527; x_wconf 88' lang='lat' dir='ltr'>po·</span> 
     </span>
     <span class='ocr_line' id='line_1_31' title="bbox 110 2525 951 2608; baseline 0.007 -26"><span class='ocrx_word' id='word_1_235' title='bbox 110 2526 155 2582; x_wconf 90' lang='lat' dir='ltr'>nit</span> <span class='ocrx_word' id='word_1_236' title='bbox 171 2525 207 2582; x_wconf 87' lang='lat' dir='ltr'>ab</span> <span class='ocrx_word' id='word_1_237' title='bbox 223 2526 315 2603; x_wconf 92' lang='lat' dir='ltr'>iisque</span> <span class='ocrx_word' id='word_1_238' title='bbox 332 2526 506 2603; x_wconf 87' lang='lat' dir='ltr'>principium</span> <span class='ocrx_word' id='word_1_239' title='bbox 528 2535 625 2585; x_wconf 90' lang='lat' dir='ltr'>motus</span> <span class='ocrx_word' id='word_1_240' title='bbox 646 2548 705 2587; x_wconf 88' lang='lat' dir='ltr'>esse</span> <span class='ocrx_word' id='word_1_241' title='bbox 723 2531 842 2588; x_wconf 84' lang='lat' dir='ltr'>ductum</span> <span class='ocrx_word' id='word_1_242' title='bbox 859 2538 951 2608; x_wconf 88' lang='lat' dir='ltr'>putat.</span> 
     </span>
     <span class='ocr_line' id='line_1_32' title="bbox 110 2604 954 2684; baseline 0.007 -22"><span class='ocrx_word' id='word_1_243' title='bbox 110 2604 300 2683; x_wconf 81' lang='lat' dir='ltr'>Quapropter,</span> <span class='ocrx_word' id='word_1_244' title='bbox 313 2607 449 2684; x_wconf 90' lang='lat' dir='ltr'>quoniam</span> <span class='ocrx_word' id='word_1_245' title='bbox 464 2626 498 2664; x_wconf 87' lang='lat' dir='ltr'>ox</span> <span class='ocrx_word' id='word_1_246' title='bbox 513 2607 614 2665; x_wconf 92' lang='lat' dir='ltr'>mundi</span> <span class='ocrx_word' id='word_1_247' title='bbox 628 2610 728 2667; x_wconf 86' lang='lat' dir='ltr'>ardore</span> <span class='ocrx_word' id='word_1_248' title='bbox 745 2617 841 2667; x_wconf 91' lang='lat' dir='ltr'>motus</span> <span class='ocrx_word' id='word_1_249' title='bbox 858 2611 954 2668; x_wconf 90' lang='lat' dir='ltr'>omnis</span> 
     </span>
     <span class='ocr_line' id='line_1_33' title="bbox 110 2686 955 2766; baseline 0.008 -24"><span class='ocrx_word' id='word_1_250' title='bbox 110 2686 209 2757; x_wconf 90' lang='lat' dir='ltr'>oritur,</span> <span class='ocrx_word' id='word_1_251' title='bbox 224 2687 249 2742; x_wconf 90' lang='lat' dir='ltr'>is</span> <span class='ocrx_word' id='word_1_252' title='bbox 270 2695 366 2744; x_wconf 88' lang='lat' dir='ltr'>autem</span> <span class='ocrx_word' id='word_1_253' title='bbox 388 2686 473 2744; x_wconf 89' lang='lat' dir='ltr'>ardor</span> <span class='ocrx_word' id='word_1_254' title='bbox 493 2707 551 2744; x_wconf 89' lang='lat' dir='ltr'>non</span> <span class='ocrx_word' id='word_1_255' title='bbox 573 2689 666 2747; x_wconf 89' lang='lat' dir='ltr'>alieno</span> <span class='ocrx_word' id='word_1_256' title='bbox 685 2689 820 2766; x_wconf 86' lang='lat' dir='ltr'>impulsu,</span> <span class='ocrx_word' id='word_1_257' title='bbox 836 2690 886 2748; x_wconf 89' lang='lat' dir='ltr'>sed</span> <span class='ocrx_word' id='word_1_258' title='bbox 903 2710 955 2750; x_wconf 87' lang='lat' dir='ltr'>sua</span> 
     </span>
     <span class='ocr_line' id='line_1_34' title="bbox 111 2767 954 2847; baseline 0.008 -27"><span class='ocrx_word' id='word_1_259' title='bbox 111 2772 214 2841; x_wconf 89' lang='lat' dir='ltr'>sponte</span> <span class='ocrx_word' id='word_1_260' title='bbox 231 2774 370 2837; x_wconf 86' lang='lat' dir='ltr'>movetur,</span> <span class='ocrx_word' id='word_1_261' title='bbox 383 2767 495 2825; x_wconf 88' lang='lat' dir='ltr'>animus</span> <span class='ocrx_word' id='word_1_262' title='bbox 513 2769 550 2825; x_wconf 89' lang='lat' dir='ltr'>sit</span> <span class='ocrx_word' id='word_1_263' title='bbox 563 2787 676 2827; x_wconf 88' lang='lat' dir='ltr'>necesse</span> <span class='ocrx_word' id='word_1_264' title='bbox 691 2778 750 2827; x_wconf 90' lang='lat' dir='ltr'>est:</span> <span class='ocrx_word' id='word_1_265' title='bbox 773 2789 807 2826; x_wconf 86' lang='lat' dir='ltr'>ex</span> <span class='ocrx_word' id='word_1_266' title='bbox 825 2788 882 2847; x_wconf 92' lang='lat' dir='ltr'>quo</span> <span class='ocrx_word' id='word_1_267' title='bbox 897 2769 954 2828; x_wconf 89' lang='lat' dir='ltr'>effi·</span> 
     </span>
     <span class='ocr_line' id='line_1_35' title="bbox 111 2845 955 2927; baseline 0.008 -27"><span class='ocrx_word' id='word_1_268' title='bbox 111 2845 186 2901; x_wconf 89' lang='lat' dir='ltr'>citur</span> <span class='ocrx_word' id='word_1_269' title='bbox 200 2845 375 2906; x_wconf 89' lang='lat' dir='ltr'>animantem</span> <span class='ocrx_word' id='word_1_270' title='bbox 390 2866 450 2904; x_wconf 91' lang='lat' dir='ltr'>esse</span> <span class='ocrx_word' id='word_1_271' title='bbox 464 2848 614 2905; x_wconf 90' lang='lat' dir='ltr'>mundum.</span> <span class='ocrx_word' id='word_1_272' title='bbox 655 2850 750 2924; x_wconf 86' lang='lat' dir='ltr'>Atque</span> <span class='ocrx_word' id='word_1_273' title='bbox 765 2868 799 2906; x_wconf 83' lang='lat' dir='ltr'>ex</span> <span class='ocrx_word' id='word_1_274' title='bbox 815 2849 870 2906; x_wconf 88' lang='lat' dir='ltr'>hoe</span> <span class='ocrx_word' id='word_1_275' title='bbox 885 2869 955 2927; x_wconf 91' lang='lat' dir='ltr'>quo·</span> 
     </span>
     <span class='ocr_line' id='line_1_36' title="bbox 112 2924 955 3006; baseline 0.011 -27"><span class='ocrx_word' id='word_1_276' title='bbox 112 2943 167 3000; x_wconf 93' lang='lat' dir='ltr'>que</span> <span class='ocrx_word' id='word_1_277' title='bbox 179 2924 307 3002; x_wconf 87' lang='lat' dir='ltr'>intellegi</span> <span class='ocrx_word' id='word_1_278' title='bbox 318 2928 425 3003; x_wconf 88' lang='lat' dir='ltr'>poterit</span> <span class='ocrx_word' id='word_1_279' title='bbox 435 2928 464 2984; x_wconf 94' lang='lat' dir='ltr'>in</span> <span class='ocrx_word' id='word_1_280' title='bbox 480 2948 514 2985; x_wconf 91' lang='lat' dir='ltr'>eo</span> <span class='ocrx_word' id='word_1_281' title='bbox 529 2929 620 2984; x_wconf 89' lang='lat' dir='ltr'>inesse</span> <span class='ocrx_word' id='word_1_282' title='bbox 631 2928 864 3004; x_wconf 81' lang='lat' dir='ltr'>intellegentiam,</span> <span class='ocrx_word' id='word_1_283' title='bbox 875 2930 955 3006; x_wconf 88' lang='lat' dir='ltr'>quod</span> 
     </span>
     <span class='ocr_line' id='line_1_37' title="bbox 112 3007 954 3084; baseline 0.008 -25"><span class='ocrx_word' id='word_1_284' title='bbox 112 3009 188 3060; x_wconf 90' lang='lat' dir='ltr'>certe</span> <span class='ocrx_word' id='word_1_285' title='bbox 203 3013 246 3062; x_wconf 86' lang='lat' dir='ltr'>est</span> <span class='ocrx_word' id='word_1_286' title='bbox 256 3007 380 3064; x_wconf 92' lang='lat' dir='ltr'>muudus</span> <span class='ocrx_word' id='word_1_287' title='bbox 394 3008 496 3066; x_wconf 91' lang='lat' dir='ltr'>melior</span> <span class='ocrx_word' id='word_1_288' title='bbox 507 3026 593 3084; x_wconf 88' lang='lat' dir='ltr'>quam</span> <span class='ocrx_word' id='word_1_289' title='bbox 608 3007 665 3063; x_wconf 85' lang='lat' dir='ltr'>ulla</span> <span class='ocrx_word' id='word_1_290' title='bbox 678 3016 786 3066; x_wconf 85' lang='lat' dir='ltr'>natura.</span> <span class='ocrx_word' id='word_1_291' title='bbox 821 3007 866 3066; x_wconf 89' lang='lat' dir='ltr'>Ut</span> <span class='ocrx_word' id='word_1_292' title='bbox 876 3010 954 3066; x_wconf 92' lang='lat' dir='ltr'>enim</span> 
     </span>
     <span class='ocr_line' id='line_1_38' title="bbox 112 3083 955 3165; baseline 0.009 -27"><span class='ocrx_word' id='word_1_293' title='bbox 112 3083 191 3140; x_wconf 88' lang='lat' dir='ltr'>nulla</span> <span class='ocrx_word' id='word_1_294' title='bbox 207 3103 271 3162; x_wconf 88' lang='lat' dir='ltr'>pars</span> <span class='ocrx_word' id='word_1_295' title='bbox 292 3093 335 3144; x_wconf 88' lang='lat' dir='ltr'>est</span> <span class='ocrx_word' id='word_1_296' title='bbox 352 3089 478 3165; x_wconf 88' lang='lat' dir='ltr'>corporis</span> <span class='ocrx_word' id='word_1_297' title='bbox 500 3086 590 3144; x_wconf 85' lang='lat' dir='ltr'>nostri</span> <span class='ocrx_word' id='word_1_298' title='bbox 608 3105 679 3162; x_wconf 86' lang='lat' dir='ltr'>quae</span> <span class='ocrx_word' id='word_1_299' title='bbox 701 3106 758 3143; x_wconf 92' lang='lat' dir='ltr'>non</span> <span class='ocrx_word' id='word_1_300' title='bbox 780 3089 817 3146; x_wconf 88' lang='lat' dir='ltr'>sit</span> <span class='ocrx_word' id='word_1_301' title='bbox 833 3089 955 3146; x_wconf 87' lang='lat' dir='ltr'>minoris</span> 
     </span>
    </p>
   </div>
   <div class='ocr_carea' id='block_1_3' title="bbox 112 3165 955 3247">
    <p class='ocr_par' dir='ltr' id='par_1_4' title="bbox 112 3165 955 3247">
     <span class='ocr_line' id='line_1_39' title="bbox 112 3165 955 3247; baseline 0.012 -29"><span class='ocrx_word' id='word_1_302' title='bbox 112 3181 198 3241; x_wconf 88' lang='lat' dir='ltr'>quam</span> <span class='ocrx_word' id='word_1_303' title='bbox 210 3167 388 3246; x_wconf 88' lang='lat' dir='ltr'>nosmetipsi</span> <span class='ocrx_word' id='word_1_304' title='bbox 400 3187 506 3238; x_wconf 88' lang='lat' dir='ltr'>sumus,</span> <span class='ocrx_word' id='word_1_305' title='bbox 516 3167 555 3225; x_wconf 91' lang='lat' dir='ltr'>sic</span> <span class='ocrx_word' id='word_1_306' title='bbox 567 3165 706 3225; x_wconf 90' lang='lat' dir='ltr'>mundum</span> <span class='ocrx_word' id='word_1_307' title='bbox 719 3168 880 3228; x_wconf 88' lang='lat' dir='ltr'>universum</span> <span class='ocrx_word' id='word_1_308' title='bbox 893 3168 955 3247; x_wconf 92' lang='lat' dir='ltr'>plu-</span> 
     </span>
    </p>
   </div>
   <div class='ocr_carea' id='block_1_4' title="bbox 0 0 1118 3432">
    <p class='ocr_par' dir='ltr' id='par_1_5' title="bbox 0 0 1118 3432">
     <span class='ocr_line' id='line_1_40' title="bbox 0 0 1118 3432; baseline 0 0"><span class='ocrx_word' id='word_1_309' title='bbox 0 0 1118 3432; x_wconf 95' lang='lat' dir='ltr'> </span> 
     </span>
    </p>
   </div>
  </div>
 </body>
</html>
