2224 3446
141 135 188 182 178
400 130 450 180 DE
468 129 719 180 DIVINATIONE.

139 253 202 292 rum
218 232 303 291 credo
318 232 444 304 scientia,
456 251 515 290 non
529 231 666 290 locorum.
706 238 751 290 88.
770 232 985 309 Amphilochus

139 321 169 372 et
189 314 308 405 Mopsus
324 312 500 389 Argivorum
516 331 598 389 reges
617 313 743 382 fuerunt,
759 313 810 370 sed
830 312 920 370 iidem
936 333 987 372 au-

139 394 325 470 gures,i1que
346 392 430 450 urbes
445 393 477 449 in
494 411 544 450 ora
560 393 704 450 maritima
724 392 842 450 Ciliciae
860 393 986 452 Graecas

139 474 337 531 condiderunt.
380 472 478 549 Atque
493 472 580 530 etiam
595 480 661 530 ante
678 473 732 530 hos
745 473 940 550 Amphiaraus
954 482 986 532 et

138 554 269 624 Tiresias,
284 572 343 610 non
359 551 483 609 humiles
500 559 529 609 et
550 551 663 612 obscuri
679 572 772 630 neque
789 573 889 611 eorum
906 555 987 610 simi-

138 634 187 706 les,
199 641 233 691 ut
247 633 323 710 apud
337 631 464 690 Ennium
478 637 529 703 est,

211 753 261 814 Qui
274 753 313 802 sui
327 760 444 817 quaestus
457 767 532 801 causa
545 752 616 801 fictas
630 753 749 802 suscitant
763 753 906 815 sententias,

139 872 189 930 sed
206 871 272 928 clari
290 879 319 929 et
334 878 512 948 praestantes
525 871 587 942 viri,
601 872 651 949 qui
668 871 768 929 avibus
785 879 814 930 et
831 873 921 948 signis
935 873 986 930 ad-

138 951 243 1008 moniti
267 952 366 1009 iutura
386 951 527 1009 dicebant.
570 951 700 1020 Quorum
725 953 760 1009 de
783 952 872 1009 altero
894 953 985 1010 etiam

139 1031 216 1108 apud
239 1031 348 1088 inferos
372 1031 518 1088 Homerus
538 1031 579 1088 ait
605 1031 723 1088 “solum
744 1051 850 1108 sapere,
873 1040 985 1090 ceteros

138 1110 303 1168 umbrarum
320 1111 417 1188 vagari
438 1110 554 1168 modo.”
596 1111 806 1188 Amphiaraum
823 1119 918 1170 autern
942 1113 985 1170 sie

138 1190 291 1248 honoravit
304 1190 383 1248 fama
396 1190 540 1261 Graeciae,
552 1190 622 1248 deus
637 1200 669 1248 ut
683 1191 835 1249 haberetur
849 1200 935 1268 atque
949 1201 986 1250 ut

105 1317 106 1320 ,
139 1271 174 1328 ab
189 1271 250 1328 eius
263 1270 333 1342 solo,
346 1271 376 1327 in
391 1290 448 1348 quo
463 1277 507 1328 est
523 1270 667 1342 humatus,
680 1271 792 1328 oracula
808 1278 983 1348 peterentur.

140 1357 186 1409 89.
205 1350 298 1419 Quidr
339 1350 426 1408 Asiae
446 1370 495 1408 rex
516 1350 648 1407 Priamus
668 1369 765 1408 nonne
786 1359 815 1408 et
836 1351 985 1409 Helenum

138 1430 229 1488 filium
251 1438 280 1488 et
298 1429 487 1488 Cassandram
507 1429 595 1486 filiam
616 1430 778 1488 divinantes
798 1429 930 1502 habebat,
946 1432 987 1488 al-

138 1517 232 1568 terum
246 1510 381 1587 auguriis,
393 1510 510 1568 alteram
525 1510 630 1567 mentis
643 1511 811 1568 incitatione
826 1517 855 1568 et
871 1531 987 1588 permo-

138 1591 218 1648 tione
232 1591 348 1648 divinal
389 1590 454 1659 Quo
468 1590 499 1647 in
514 1609 617 1666 genere
634 1589 756 1647 Marcios
771 1590 911 1668 quosdam
928 1592 987 1648 fra-

138 1676 204 1739 tres,
219 1670 310 1727 nobili
331 1670 395 1727 loco
411 1676 503 1740 natos,
519 1669 597 1746 apud
617 1671 739 1726 maiores
759 1677 873 1728 nostros
893 1671 986 1728 fuisse

140 1750 278 1827 scriptum
299 1750 437 1807 videmus.
480 1749 578 1817 Quid?
619 1748 776 1826 Polyidum
798 1749 986 1808 Corinthium

139 1848 234 1886 nonne
255 1829 400 1886 Homerus
421 1836 450 1886 et
474 1828 536 1886 aliis
559 1829 651 1886 multa
671 1836 701 1886 et
724 1828 784 1887 filio
808 1830 844 1886 ad
865 1829 986 1888 Troiam

139 1909 332 1986 proficiscenti
345 1915 468 1966 mortem
483 1909 655 1985 praedixisse
670 1911 894 1967 commemorati
916 1910 987 1968 Orn-

139 1989 209 2045 nino
234 1989 312 2064 apud
338 1994 454 2060 veterae,
481 1989 531 2066 qui
558 2007 652 2046 rerum
679 1988 871 2064 potiebantur,
893 1990 984 2048 iidem

140 2068 259 2145 auguria
274 2067 418 2125 tenebant.
460 2069 505 2126 Ut
525 2068 602 2126 enim
620 2087 725 2145 sapere,
742 2069 781 2126 sic
799 2068 927 2127 divinare
944 2090 986 2128 re·

139 2148 203 2225 gale
219 2147 370 2218 ducebant,
386 2154 419 2205 ut
438 2148 520 2205 testis
537 2154 581 2205 est
596 2155 694 2205 nostra
710 2148 818 2220 civitas,
834 2149 864 2205 in
882 2169 940 2226 qua
956 2158 986 2208 et

140 2247 220 2305 reges
245 2246 366 2304 augures
390 2233 420 2284 et
442 2235 544 2304 postea
568 2227 672 2304 privati
696 2227 798 2285 eodem
824 2229 985 2287 sacerdotio

140 2308 263 2385 praediti
284 2327 344 2364 rem
365 2306 511 2385 publicam
528 2307 700 2383 religionum
717 2308 887 2366 auctoritate
907 2327 986 2367 rere

140 2394 215 2446 runt.
265 2387 343 2446 XLI.
384 2393 430 2445 90.
449 2387 548 2464 anue
569 2387 781 2444 divinationum
802 2389 875 2446 ratio
896 2408 933 2446 ne
953 2390 985 2446 in

139 2468 266 2526 barbaris
284 2467 400 2545 quidem
417 2467 551 2544 gentibus
567 2467 698 2544 neglecta
715 2474 765 2538 est,
781 2467 806 2525 si
823 2468 940 2545 quidem
955 2476 985 2526 et

140 2548 170 2604 in
194 2547 287 2605 Gallia
310 2547 438 2604 Druidae
463 2554 572 2618 sunt,e
596 2546 700 2623 quibus
724 2547 786 2622 ipse
806 2546 984 2606 Divitiacum

140 2626 276 2684 Aeduum
304 2626 449 2703 hospitem
477 2634 560 2684 tuum
588 2624 823 2703 laudatoremque
850 2629 983 2704 cognovi,

141 2707 191 2783 qui
213 2713 242 2763 et
262 2713 379 2762 naturae
400 2706 549 2775 rationem,
569 2725 655 2782 quam
675 2710 861 2780 φυσιολογίαν
881 2707 984 2765 Graeci

141 2784 294 2860 appellant,
309 2789 409 2840 notam
424 2803 483 2840 esse
498 2785 553 2841 sibi
569 2785 757 2861 profitebatur
770 2793 800 2843 et
816 2787 923 2863 partim
938 2807 986 2844 arr·

141 2863 238 2936 guriis,
251 2861 357 2936 partim
371 2863 534 2919 coniectura
549 2882 620 2939 quae
635 2871 729 2920 essent
744 2865 844 2923 futura
860 2866 984 2937 dicebat,

129 2941 172 2995 'et
188 2940 218 2994 in
235 2939 330 2994 Persis
351 2947 526 3015 augurantur
546 2950 575 2998 et
596 2943 727 2999 divinant
744 2943 830 3020 Magi,
847 2946 898 3022 qui
918 2965 985 3003 con·

142 3023 297 3091 gregantur
310 3017 341 3072 in
357 3018 426 3074 fauo
442 3020 656 3077 commentandi
666 3040 751 3078 causa
764 3031 851 3100 atque
864 3027 942 3082 inter
954 3045 985 3082 se

142 3094 333 3170 colloquendi,
350 3096 427 3171 quod
451 3097 537 3154 etiam
558 3098 634 3155 idem
652 3118 704 3156 vos
725 3105 872 3177 quondam
889 3105 985 3162 facere

124 3170 236 3228 vNonis
257 3171 398 3231 solebatis.
442 3181 488 3232 al.
511 3176 571 3232 Neo
593 3177 743 3253 quisquam
764 3198 814 3237 rex
831 3182 982 3241 Persarum
