2224 3446
386 133 725 197 oar.v.-v111.‚§o-1a.
929 134 977 182 257

136 255 195 292 non
217 233 384 293 morietur.’'
424 235 561 310 Pugnant
581 234 670 311 igitur
688 234 758 291 hacc
776 234 851 291 inter
871 251 909 306 se,
928 231 978 290 Fa-

136 316 217 373 bium
232 315 340 372 oriente
351 313 488 372 Canicula
501 321 601 372 natum
616 334 676 372 esse
690 321 719 370 et
730 313 850 370 Fabium
861 312 891 370 in
905 313 978 370 mari

136 397 315 467 moriturum,
341 401 370 452 et
395 395 531 472 quoniam
555 401 664 451 certum
686 394 716 450 in
740 393 828 450 Fabio
850 393 976 469 ponitur,

136 483 237 533 natum
254 495 314 533 esse
331 495 395 532 eum
412 475 548 531 Canicula
565 475 683 543 oriente,
696 473 764 531 haec
780 491 893 550 quoque
907 491 978 549 pug-

135 563 215 627 nant,
236 561 265 612 et
289 575 349 612 esse
370 554 490 612 Fabium
512 562 541 612 et
561 555 591 610 in
616 554 688 611 mari
712 572 772 610 esse
796 552 976 611 moriturum.

136 632 216 711 Ergo
233 635 303 692 haec
321 654 435 712 quoque
452 634 617 691 coniunctio
639 640 682 690 est
698 653 732 690 ex
753 631 978 709 repugnantibus

137 715 203 772 “Et
222 721 265 772 est
284 714 388 772 Fabius
405 714 480 771 etin
497 715 569 770 mari
587 713 691 771 Fabius
709 711 874 783 morietur‚”
890 712 976 789 quod,

136 803 170 852 ut
193 795 374 872 propositum
399 801 450 865 ost,
471 812 507 850 ne
529 793 590 850 fieri
616 793 732 870 quidem
755 799 858 870 potest
900 791 978 868 Ergo

136 875 208 932 illud
230 874 396 932 “Morietur
411 875 442 930 in
462 874 534 930 mari
552 873 656 930 Fabius
664 873 681 899 ’'
700 893 734 930 ex
751 892 785 930 eo
802 891 905 949 genere
926 878 977 940 est,

138 955 217 1031 quod
237 953 298 1010 fieri
320 973 379 1011 non
402 959 505 1030 potest.
548 953 642 1011 Omne
663 953 759 1028 igitur,
776 953 854 1030 quod
874 951 978 1008 falsum

137 1035 243 1092 dicitur
256 1035 286 1090 in
300 1035 408 1104 futuro,
421 1033 452 1090 id
465 1033 526 1090 fieri
540 1052 599 1090 non
613 1039 717 1109 potest.
760 1032 829 1091 VII.
873 1038 919 1090 13.
937 1029 980 1088 At

136 1114 200 1184 hoc,
216 1113 386 1190 Chrysippo,
402 1113 522 1170 minime
536 1113 587 1184 via,
603 1112 783 1189 maximeque
800 1111 854 1169 tibi
871 1111 907 1169 <le
923 1111 979 1168 hoc

137 1195 200 1270 ipso
215 1213 281 1251 cum
294 1193 425 1251 Diodoro
440 1199 583 1250 certamen
597 1199 648 1249 est.
684 1191 736 1248 Ille
750 1191 827 1248 enim
842 1191 872 1248 id
887 1191 979 1247 solurn

137 1273 198 1330 fieri
212 1293 296 1350 posse
313 1273 393 1343 dicit,
406 1272 484 1350 quod
498 1279 548 1329 aut
565 1272 602 1329 sit
616 1291 713 1328 venam
731 1278 781 1328 aut
794 1271 924 1328 futurum
943 1271 980 1326 sit

137 1354 244 1423 verum,
257 1359 294 1424 et,
307 1353 448 1430 quidquid
459 1353 590 1409 futurum
605 1352 650 1421 sit,
662 1352 693 1408 id
707 1351 778 1408 dicit
792 1350 852 1408 fieri
867 1369 980 1406 necesse

138 1452 198 1490 esse
223 1439 259 1504 et,
283 1432 424 1509 quidquid
448 1451 506 1488 non
532 1433 570 1488 sit
594 1432 734 1502 futurum,
756 1431 787 1487 id
809 1437 896 1506 negat
919 1429 981 1485 fieri

137 1532 228 1588 posse.
271 1511 316 1569 Tu
331 1520 360 1569 et
374 1531 447 1589 quae
461 1531 519 1569 non
535 1520 601 1569 sunt
615 1511 713 1568 futura
726 1529 810 1587 posse
824 1509 885 1566 fieri
899 1509 979 1579 diois,

137 1600 170 1649 ut
184 1593 280 1668 frangi
294 1590 367 1648 hanc
381 1611 535 1668 gemmam,
548 1593 634 1648 etiam
650 1591 673 1647 si
687 1591 717 1648 id
732 1609 889 1667 numquam
904 1589 982 1646 futu·

137 1692 202 1729 rum
219 1673 265 1742 sit,
281 1690 373 1748 neque
391 1690 504 1728 necesse
518 1671 607 1727 fuisse
621 1670 777 1747 Cypselum
795 1688 912 1746 regnare
927 1668 982 1725 Co·

137 1751 235 1821 rinthi‚
252 1770 425 1828 quamquam
442 1751 473 1808 id
493 1751 636 1807 milesium
657 1756 723 1807 ante
745 1769 820 1806 anno
837 1747 983 1826 Apollinis

139 1831 253 1888 oraculo
268 1831 378 1887 editum
393 1838 474 1887 esset.
506 1830 549 1886 At
563 1831 586 1886 si
601 1831 656 1887 ista
670 1829 870 1906 comprobabis
884 1829 983 1886 divina

138 1911 284 1988 praedicta
298 1917 334 1981 et,
348 1929 420 1987 quae
431 1909 505 1967 falsa
518 1911 548 1967 in
559 1911 665 1966 futuris
679 1910 818 1980 dicontur,
831 1909 861 1965 in
875 1908 920 1965 his
934 1909 983 1965 ha·

138 1989 228 2060 bobia,
244 1997 276 2047 ut
293 2009 326 2047 ea
346 1991 407 2047 fieri
429 2009 487 2046 non
505 1990 625 2065 possint,
641 1996 682 2061 ut,
698 1989 723 2046 si
736 1989 856 2060 dicatur,
872 1987 983 2046 Africa·

139 2089 209 2126 num
223 2069 402 2146 Karthagine
417 2070 586 2146 potiturum,
599 2077 628 2126 et
642 2070 745 2128 sivero
761 2069 873 2128 dicatur
889 2070 925 2126 de
939 2069 983 2126 iu·

138 2157 213 2220 turo,
229 2150 316 2226 idque
332 2151 374 2206 ita
394 2150 525 2206 futurum
542 2150 588 2221 sit,
604 2149 682 2206 dicas
703 2169 764 2208 esse
783 2150 981 2208 necessarium.

139 2229 219 2297 Quae
236 2237 279 2286 est
295 2236 359 2286 tota
371 2229 495 2287 Diodori
509 2230 591 2286 vobis
608 2230 726 2287 inimica
743 2231 891 2287 sententia.
935 2233 981 2286 14.

139 2309 255 2366 Etenim
271 2310 294 2365 si
310 2310 381 2366 illud
395 2329 460 2367 vere
474 2311 634 2367 conectitur
649 2309 708 2366 “Si
723 2310 832 2366 oriente
847 2308 984 2366 Canicula

140 2397 224 2446 natus
245 2409 282 2460 es,
301 2391 331 2445 in
353 2390 425 2447 mari
448 2408 507 2446 non
528 2388 676 2458 moriere‚'’
694 2390 886 2465 primumque,
905 2388 983 2465 quod

140 2476 184 2526 est
205 2470 236 2525 in
258 2489 367 2526 conexo
393 2469 514 2527 “Natus
537 2489 567 2527 es
592 2469 702 2526 oriente
727 2467 872 2540 Canicula,
890 2487 984 2525 ncces·

140 2549 245 2606 sarium
263 2549 444 2607 est-omnia
461 2551 537 2608 enim
552 2569 619 2609 vera
635 2549 664 2606 in
682 2548 843 2626 praeteritis
860 2567 985 2605 necessa·

139 2630 182 2685 ria
196 2635 271 2701 sunt,
281 2637 314 2687 ut
328 2629 492 2706 Chrysippo
507 2629 608 2706 placet,
619 2629 800 2688 dissentienti
814 2647 832 2684 a
845 2629 984 2704 magistro

139 2707 287 2780 Cleanthe,
301 2710 368 2786 quia
381 2718 448 2767 sunt
462 2710 653 2767 immutabilia
665 2709 759 2767 necin
771 2707 876 2766 falsum
891 2728 906 2765 e
918 2727 984 2765 vero

140 2789 294 2866 praeterita
315 2797 437 2866 possunt
459 2790 689 2846 convertere-si
712 2789 809 2866 igitur,
827 2788 905 2865 quod
929 2789 985 2865 pri-

140 2889 222 2925 mum
238 2870 269 2925 in
285 2889 394 2926 conexo
412 2877 462 2940 est,
478 2870 668 2927 necessarium
685 2876 735 2941 est,
751 2869 785 2926 fit
802 2867 985 2945 etiarnquod

141 2949 270 3026 sequitur
293 2950 490 3007 necessarium.
534 2948 714 3028 Quamquam
740 2949 795 3006 hoc
820 2949 985 3024 Chrysippo

140 3047 200 3085 non
214 3029 328 3086 videtur
340 3029 432 3088 valere
447 3031 477 3086 in
492 3030 633 3087 omnibus
677 3029 734 3087 Sed
748 3037 853 3100 tamen,
867 3029 891 3085 si
904 3035 983 3084 natu«

141 3109 208 3166 ralis
232 3115 275 3166 est
299 3129 391 3181 causa,
407 3129 457 3167 cur
481 3110 511 3166 in
537 3111 610 3167 mari
631 3109 735 3166 Fabius
756 3129 815 3166 non
836 3109 984 3178 moriatur,

141 3189 172 3245 in
189 3189 261 3245 mari
278 3189 383 3247 Fabius
403 3191 478 3248 mori
498 3210 557 3248 non
578 3196 683 3265 potest.
726 3190 809 3248 Vlll.
854 3195 899 3246 15.
919 3189 983 3246 Hoc
