2220 3432
228 111 229 116 ’
286 107 357 156 LIB.
371 107 405 169 1.‚
418 106 496 156 CAP.
511 105 772 167 XXX.-XXXll.,§
790 108 878 154 aa—el.
970 108 1003 155 33

162 227 239 266 esses
252 227 304 265 nee
319 226 456 283 umquam
470 226 599 284 egressus
613 226 647 264 ex
658 207 759 277 insula,
769 207 799 263 iu
811 225 867 282 qua
877 206 1004 283 lepuscu-

162 287 206 344 los
220 286 440 364 vulpeculasque
455 306 538 363 saepe
553 287 679 358 vidisseS,
692 306 750 344 non
767 287 894 344 crederes
908 286 1005 344 leones

162 374 193 424 et
209 366 362 444 pantheras
383 386 451 436 esse,
467 386 533 424 cum
549 367 605 424 tibi
623 367 720 444 quales
737 373 831 424 essent
847 366 1004 425 diceretur?

162 448 188 504 si
202 466 268 504 vero
284 446 320 504 de
334 446 486 523 elephanto
504 447 568 523 quis
582 446 697 518 diceret,
710 447 797 503 etiam
811 446 898 504 rideri
911 454 940 504 te
954 466 1005 524 pu-

162 534 245 584 tares,
267 526 306 583 Et
315 534 349 583 tu
363 526 488 602 quidem,
497 525 598 596 Vellei,
608 545 667 582 non
678 533 773 583 vestro
787 546 875 598 more,
885 528 936 584 sed
946 527 1006 584 dia·

162 606 337 677 lecticorum,
347 625 419 682 quac
430 606 562 663 funditus
572 625 643 682 gens
653 613 746 664 vestra
757 626 815 664 nou
826 607 915 678 novit,
924 627 1005 684 argu-

161 694 261 744 menta
275 686 432 744 sententiae
446 685 627 743 conclusisti:
645 685 744 744 beatos
755 706 815 744 esse
826 687 896 744 deos
910 707 1005 764 sump-

162 767 234 824 sisti.
276 765 476 842 Concedimus.
518 765 642 823 Beatum
656 774 753 824 autem
768 767 828 825 sinc
839 767 943 842 virtute
957 787 1005 826 ne·

162 847 270 902 minem
286 865 346 903 esse
360 865 451 922 posse.

203 925 333 983 XXXII.
363 931 408 983 89.
424 925 460 983 Id
469 928 583 1003 duoque
592 925 701 998 damus,
710 933 739 984 et
748 926 869 984 libenter
878 927 1002 1005 quidem.

162 1006 310 1064 Virtutem
335 1012 431 1063 autem
456 1006 517 1063 sine
540 1005 652 1063 ratione
676 1014 805 1064 constare
829 1027 888 1065 non
910 1028 1002 1085 posse.

162 1085 323 1143 Conveniat
337 1085 368 1142 id
384 1104 499 1162 quoque
514 1104 629 1143 necesse
646 1093 696 1144 est.
728 1087 881 1164 Adiungis,
894 1107 946 1146 nec
962 1108 1005 1145 ra·

161 1166 273 1222 tionem
290 1185 350 1222 esse
367 1165 423 1222 uisi
439 1165 469 1222 in
486 1165 613 1223 hominis
628 1165 725 1243 ligura
768 1166 860 1234 Quem
877 1167 931 1225 tibi
947 1167 1003 1226 hoc

162 1247 295 1303 daturum
307 1246 410 1322 putasl
451 1245 483 1303 Si
497 1246 573 1303 enim
589 1247 630 1303 ita
643 1254 724 1316 esset,
736 1246 805 1324 quid
817 1267 890 1323 opus
904 1254 963 1304 erat
973 1255 1003 1305 te

161 1325 303 1402 gradatim
318 1326 391 1382 istuc
405 1325 570 1402 perveniret
587 1327 756 1403 sumpsisses
770 1334 820 1384 tuo
836 1328 903 1384 iure.
926 1327 1004 1394 Quid

162 1413 258 1463 autem
280 1413 324 1463 est
341 1405 414 1462 istuc
430 1405 592 1482 gradatim?
626 1405 701 1462 Nam
719 1425 735 1462 a
751 1404 843 1462 beatis
864 1407 901 1463 ad
916 1407 1004 1463 virtu-

161 1493 230 1556 tem,
243 1504 260 1542 a
273 1486 379 1542 virtute
393 1486 429 1542 ad
443 1486 585 1543 rationem
596 1485 680 1560 video
694 1492 723 1542 te
735 1486 844 1542 venisse
858 1485 1001 1564 gradibus.

161 1565 191 1622 A
207 1565 317 1623 ratione
334 1565 371 1622 ad
384 1564 540 1623 humanam
555 1565 676 1642 figuram
694 1584 750 1642 quo
767 1565 856 1622 modo
873 1565 1004 1623 accedis?

162 1644 354 1721 Praecipitare
371 1645 445 1703 istuc
463 1646 580 1723 quidem
597 1652 647 1716 est,
660 1665 718 1702 non
734 1645 911 1702 descendere.
955 1652 1001 1704 90.

162 1725 224 1782 Nec
237 1744 303 1782 vero
318 1724 454 1802 intellego
469 1745 519 1783 cur
532 1725 665 1783 maluerit
675 1725 815 1802 Epicnms
829 1725 898 1783 deos
911 1725 1004 1783 homi-

161 1823 231 1861 num
247 1804 353 1863 similes
367 1805 460 1863 dicere
475 1825 560 1883 quam
574 1804 706 1862 homines
720 1805 846 1863 deorum.
879 1805 1004 1874 Quaeres

162 1884 233 1962 quid
249 1884 368 1942 intersit.
412 1884 443 1942 Si
460 1887 536 1942 enim
554 1885 609 1942 hoo
626 1885 667 1942 illi
685 1885 776 1942 simile
794 1886 839 1956 sit,
855 1905 915 1943 esse
931 1887 1004 1944 illud

162 1964 236 2022 huic.
272 1965 375 2023 Video
416 1964 473 2022 Sed
486 1965 542 2022 hoo
556 1965 701 2036 dice,n0n
716 1965 751 2022 ab
767 1965 932 2023 hominibus
946 1967 1004 2022 for-

162 2064 225 2102 mae
242 2044 362 2121 figuram
378 2045 488 2102 venisse
509 2045 546 2102 ad
567 2045 651 2102 deos:
670 2046 700 2102 di
717 2047 793 2103 enim
815 2064 927 2123 semper
943 2047 1004 2102 fue-

161 2129 237 2196 mnt,
251 2125 310 2181 nati
325 2144 482 2202 numquam
497 2132 571 2196 sunt,
584 2125 609 2181 si
624 2125 739 2202 quidem
757 2126 864 2183 aeterni
879 2133 946 2184 sunt
959 2126 1004 2183 fu-

161 2205 235 2262 turi:
257 2211 287 2262 at
306 2204 438 2262 homines
459 2205 536 2262 nati:
558 2212 624 2263 ante
645 2206 734 2281 igitur
753 2205 879 2263 humana
899 2207 1002 2277 forma,

96 2307 102 2316 ·
162 2303 248 2362 quarn
267 2284 407 2356 hominos,
423 2305 463 2356 ea,
481 2304 536 2362 qua
553 2292 632 2342 erant
653 2286 748 2342 forma
768 2286 798 2342 di
819 2286 1001 2343 immortales.

161 2365 191 2422 N
192 2384 229 2422 ou
251 2383 319 2442 erge
335 2364 449 2422 illomm
467 2364 592 2422 humana
605 2364 707 2436 forma,
723 2365 773 2422 sed
789 2372 887 2422 nostra
907 2366 1004 2422 diviua

161 2444 283 2502 dicenda
303 2451 354 2502 est.
396 2445 506 2503 Verum
523 2444 579 2501 hoe
601 2445 726 2521 quidem,
741 2452 775 2503 ut
790 2445 909 2502 voletis:
932 2445 1004 2502 illud

162 2543 276 2601 quaero,
289 2543 361 2601 quae
378 2525 467 2582 fuerit
483 2532 563 2583 tanta
576 2525 807 2582 fortuna-nihil
825 2525 902 2582 euim
918 2525 1004 2581 ratio·

160 2623 198 2662 ne
215 2604 244 2660 iu
265 2623 359 2661 rerum
381 2612 483 2663 natura
499 2606 608 2662 factum
630 2624 690 2662 esse
707 2604 885 2662 vultis-sed
905 2611 1001 2661 tamen

161 2684 226 2761 quis
239 2685 294 2742 iste
304 2690 402 2742 tantus
416 2686 515 2742 casus?
544 2690 589 2742 91.
609 2684 685 2742 unde
694 2691 754 2741 tam
765 2683 835 2741 felix
850 2703 1003 2741 concursus

160 2771 332 2834 atomomm,
343 2770 376 2821 ut
389 2772 506 2841 repente
520 2764 653 2822 homines
667 2763 784 2820 deorum
799 2764 894 2820 forma
909 2783 1004 2821 nasce-

160 2845 277 2902 rentur?
298 2843 415 2902 Semina
431 2844 550 2902 deorum
568 2845 706 2904 decidisse
723 2843 759 2900 de
776 2844 854 2900 caelo
868 2851 1003 2920 putamus

160 2924 191 2980 in
208 2931 297 2981 terras
318 2931 347 2981 et
368 2925 407 2980 sic
428 2923 560 2981 homines
580 2931 695 3001 patrum
717 2923 822 2980 similes
843 2924 1003 2980 exstitisse?
1047 2984 1059 3002 ἣ

160 3003 273 3061 Vellem
292 3003 440 3061 diceretis:
458 3003 578 3060 deorum
601 3003 801 3078 cognationem
819 3021 1001 3079 agnoscerem

160 3102 220 3141 non
234 3083 349 3140 invitus
392 3082 473 3139 Nihil
488 3081 544 3138 tale
559 3082 662 3152 dicitis,
674 3080 724 3137 sed
739 3101 804 3138 casu
819 3101 878 3138 esse
893 3082 1002 3138 factum

162 3169 195 3220 ut
218 3183 344 3220 essemus
368 3162 475 3219 similes
499 3161 626 3217 deorum.
673 3160 711 3215 Et
735 3180 810 3216 nune
835 3168 1002 3234 argumenta
