2242 3436
166 129 214 176 166
426 123 475 172 DE
492 121 742 173 DIVINATIONE.

165 226 298 284 minatus.
341 223 370 282 Is
385 225 550 302 quaestione
567 223 696 281 adhibita
710 225 858 282 confessus
872 231 916 282 est
929 222 1009 302 patess

164 324 283 382 remque
296 304 415 362 rettulit.
450 303 515 372 Quo
529 304 608 362 facto
622 304 722 361 fanum
734 303 805 360 illud
817 304 924 362 lndicis
935 305 1009 362 Her·

165 386 237 443 culis
251 385 431 441 nominatum
447 391 497 441 est.

205 464 319 522 XXVI.
363 470 408 521 55.
432 463 490 520 Sed
507 463 576 540 quid
593 483 647 540 ego
668 463 861 520 Graecorum?
901 461 1009 520 Nescio

166 564 223 621 quo
243 543 331 600 modo
348 563 395 600 me
411 543 504 618 magis
520 549 619 599 nostra
633 542 784 600 delectant.
827 542 935 600 Omnes
951 543 1009 600 hoc

165 623 303 693 historici,
320 622 408 694 Fabii,
426 621 521 691 Gellii,
537 621 587 679 sed
611 623 740 699 proxime
768 622 888 679 Caelius.
932 622 1008 680 Cum

165 703 240 760 bello
259 703 363 760 Latino
379 702 440 760 ludi
457 702 547 759 votivi
564 702 683 758 maximi
700 702 826 779 primum
844 701 953 773 fierent,
972 704 1011 759 ci-

165 784 238 839 vitas
250 783 286 839 ad
297 801 375 839 arma
383 788 499 858 repente
511 789 554 838 est
565 783 694 839 excitata.
729 781 830 858 Itaque
839 781 914 839 ludis
922 782 1011 838 inter-

165 861 260 918 missis
280 862 460 919 instaurativi
477 861 627 918 constituti
644 868 718 940 sunt.
762 860 819 930 Qui
837 867 904 918 ante
921 880 1009 939 quam

165 940 265 998 fierent
284 961 406 1018 eumque
427 942 485 997 iam
504 941 628 1016 populus
646 941 829 1012 consedisset,
845 961 942 998 servus
957 961 1011 1018 per

166 1022 280 1089 circum,
296 1040 361 1078 eum
379 1021 466 1096 virgis
482 1020 653 1092 caederetur,
665 1021 776 1078 furcam
793 1021 888 1078 ferens
905 1021 1011 1078 ductus

165 1108 216 1158 cst.
258 1101 333 1157 Exin
354 1101 469 1158 cuidam
485 1100 592 1156 rustico
610 1095 742 1158 Romano
759 1100 914 1158 dormienti
931 1101 1011 1157 visus

166 1187 209 1238 est
230 1180 325 1237 venire
347 1181 396 1257 qui
417 1180 524 1237 diceret
544 1181 703 1255 praesulem
721 1180 775 1237 sibi
792 1199 851 1237 non
868 1179 1010 1257 placuisse

165 1260 241 1317 ludis
257 1260 343 1336 idque
361 1260 396 1317 ab
414 1260 516 1318 eodem
530 1259 638 1316 iussum
654 1279 714 1317 esse
729 1280 795 1317 eum
810 1261 921 1317 senatui
938 1279 1010 1317 nun-

165 1341 252 1398 tiare:
274 1339 355 1397 illum
369 1359 429 1397 non
443 1358 504 1396 esse
518 1358 627 1397 ausum.
666 1339 776 1397 Iterum
791 1358 850 1397 esse
864 1340 942 1397 idem
954 1340 1010 1397 ius

166 1440 229 1477 sum
252 1426 282 1476 et
301 1419 445 1477 monitum
466 1437 502 1476 ne
524 1419 582 1476 vim
604 1438 685 1476 suam
706 1420 828 1496 experiri
848 1418 950 1476 vellet:
972 1439 1009 1477 ne

165 1508 228 1557 turn
244 1499 360 1576 quidem
375 1519 435 1556 esse
450 1518 558 1556 ausum.
593 1499 668 1556 Exin
682 1498 774 1557 filium
789 1500 848 1556 eius
863 1518 923 1556 esse
934 1519 1009 1556 mor-

164 1584 255 1648 tuum,
272 1577 391 1634 eandem
414 1579 444 1634 in
460 1579 568 1635 somnis
585 1579 813 1636 admonitionem
828 1579 916 1636 fuisse
931 1580 1009 1636 terti-

165 1678 220 1716 am.
262 1658 337 1715 Tum
352 1657 433 1715 illum
450 1659 537 1716 etiam
552 1657 676 1715 debilem
690 1658 800 1716 factum
815 1677 873 1715 rem
889 1658 926 1715 ad
941 1659 1010 1715 ami-

166 1757 214 1796 eos
229 1737 371 1808 detulisse,
385 1757 506 1815 quorum
519 1738 554 1795 de
566 1738 707 1795 sententia
718 1738 848 1795 lecticula
858 1739 888 1794 in
900 1738 1008 1795 curiam

166 1836 226 1875 esse
243 1816 377 1888 delatum,
390 1837 512 1894 cumque
530 1818 640 1874 sena-tui
655 1818 799 1875 somnium
815 1819 1007 1889 enarravisset,

166 1895 287 1974 pedibus
302 1897 359 1953 suis
374 1896 481 1954 salvum
497 1897 653 1955 revertisse.
696 1897 797 1974 Itaque
809 1898 921 1954 somnio
933 1917 1010 1954 com-

165 1975 287 2054 probato
309 1995 326 2032 a
345 1984 444 2034 senatu
460 1977 544 2035 ludos
561 1975 744 2034 illos'iterum
762 1978 935 2034 instauratos
951 1997 1010 2034 me-

165 2056 273 2112 moriae
290 2055 436 2133 proditum
455 2065 505 2115 est.
550 2062 596 2114 56.
619 2056 651 2114 C.
663 2076 731 2114 vero
748 2055 893 2114 Gracchus
909 2057 1010 2114 multis

166 2136 248 2206 dixit,
260 2143 292 2193 ut
307 2135 444 2212 scriptum
461 2136 539 2214 apud
559 2136 681 2193 eundem
700 2136 829 2194 Caelium
847 2143 897 2208 est,
911 2136 966 2193 sibi
980 2137 1012 2192 in

166 2216 275 2273 somnis
298 2222 478 2292 quaesturam
499 2235 558 2273 non
578 2215 689 2291 petenti
710 2214 753 2271 Ti.
772 2215 890 2271 fratrem
914 2215 1009 2271 visum

166 2315 226 2353 esse
246 2295 348 2366 dicere,
368 2314 454 2372 quarn
475 2296 560 2352 vellet
581 2301 769 2365 cunctaretur,
787 2301 883 2351 tamen
906 2294 1010 2351 eodem

166 2375 221 2432 sibi
235 2375 301 2446 leto,
315 2394 372 2452 quo
389 2376 451 2451 ipse
465 2375 616 2445 interisset,
629 2393 689 2431 esse
703 2374 888 2450 pereundum.
931 2373 1009 2444 Hoc,

166 2462 233 2512 ante
254 2474 340 2532 quam
357 2454 489 2512 tribunus
505 2454 583 2530 plebi
600 2453 632 2511 C.
651 2453 797 2510 Gracchus
813 2453 907 2509 iactus
924 2459 1009 2524 esset,

167 2542 196 2593 ct
213 2539 242 2592 se
259 2535 371 2592 audisse
388 2534 487 2592 scribit
504 2533 617 2591 Caelius
632 2541 660 2590 et
674 2533 779 2590 dixisse
793 2532 900 2590 multis.
943 2531 1011 2600 Quo

167 2614 279 2671 somnio
295 2613 365 2689 quid
378 2613 500 2671 inveniri
514 2620 611 2690 potest
625 2613 747 2670 certius?

206 2691 336 2749 XXVII.
360 2691 455 2760 uuida
475 2693 524 2750 illa
540 2693 598 2751 duo
616 2693 734 2764 somnia,
751 2711 823 2769 quae
840 2691 1011 2750 creberrime

167 2778 428 2832 commemorantur
448 2791 465 2828 a
485 2773 597 2844 Stoicis,
614 2773 677 2849 quis
694 2773 811 2830 tandem
828 2779 925 2849 potest
944 2791 1012 2828 con-

167 2849 313 2906 temneret
341 2868 432 2906 unum
456 2851 492 2907 de
517 2851 682 2909 Simonide:
713 2852 762 2927 qui
787 2871 853 2908 cum
875 2853 1011 2928 ignotum

169 2927 322 3002 quemdam
338 2929 498 3003 proiectum
514 2938 661 2987 mortuum
681 2931 800 2988 vidisset
818 2950 943 3008 eumque
959 2931 1013 2988 hu-

167 3005 303 3068 mavisset
322 3006 494 3085 haberetque
515 3009 544 3065 in
566 3011 662 3066 animo
683 3029 785 3067 navem
809 3011 1010 3081 conscendere,

168 3083 280 3147 moneri
294 3084 370 3142 visus
384 3094 427 3144 est
441 3107 477 3144 ne
490 3087 520 3144 id
534 3089 641 3146 iaceret
655 3089 690 3146 ab
705 3109 747 3158 eo,
764 3109 849 3166 quem
865 3090 1013 3167 sepultura

169 3161 329 3221 adfecerat:
351 3165 375 3220 si
392 3166 559 3243 navigasset,
576 3186 641 3224 eum
659 3169 810 3246 naufragio
827 3189 888 3228 esse
906 3171 1011 3248 peritu-
