2220 3432
301 105 370 154 ΠΒ.
387 105 420 165 1.,
434 95 832 166 cnP.XV11.-xx.,§ls-5e.
957 108 988 154 21

147 207 304 266 individuis
325 207 442 264 exsistat
463 214 492 264 et
512 207 549 263 ad
570 227 623 264 nos
644 207 759 278 adlluat,
775 215 836 264 tum
855 208 989 265 maximis

148 287 344 366 voluptatibus
365 288 395 344 in
417 304 463 344 eas
484 287 624 364 imagines
641 297 767 344 mentem
788 288 930 345 intentam
947 289 989 345 in-

147 369 290 446 fixamque
306 373 433 424 nostram
451 367 676 444 intellegentiam
693 387 801 444 capere,
818 387 889 445 quae
907 369 944 426 sit
959 377 988 426 et

147 448 232 506 beata
251 455 353 504 natura
369 455 398 504 et
415 455 536 505 aeterna
580 453 625 505 50.
644 447 763 504 Summa
780 468 846 505 vero
863 448 906 505 vis
926 449 989 504 infi-

147 529 247 586 nitatis
264 536 294 585 et
310 546 415 604 magna
428 546 461 584 ac
475 527 608 603 diligenti
624 529 867 605 contemplatione
881 529 989 605 dignis·

147 609 220 665 sima
236 615 288 678 est,
303 608 334 664 in
351 626 408 684 qua
423 606 551 684 intellegi
568 627 681 665 necesse
699 617 742 665 est
756 628 818 666 earn
833 627 893 666 esse
907 616 989 687 natu-

147 707 217 758 ram,
234 695 266 745 ut
287 688 385 744 omnia
405 687 539 744 omnibus
556 687 671 764 paribus
691 689 771 765 paria
787 688 985 766 respondeant.

148 768 232 824 Hanc
248 770 392 844 ἰσονομίαν
403 767 527 844 appellat
541 767 689 844 Epicurus,
702 769 732 825 id
746 776 797 839 est,
809 768 987 846 aequabilem

147 847 344 905 tributionem.
387 847 430 903 Ex
445 847 498 904 hac
512 847 602 924 igitur
615 848 687 905 illud
701 848 829 919 officitur,
845 850 869 906 si
883 855 987 906 morta-

147 927 218 984 lium
233 935 314 984 tanta
329 927 487 985 multitudo
505 928 550 999 sit,
566 947 626 985 esse
643 928 847 986 immortalium
863 948 921 986 non
935 929 988 985 mi-

148 1026 248 1065 norem
259 1016 296 1077 et,
307 1008 330 1064 si
340 1027 412 1085 quae
422 1008 590 1065 interimant
600 1008 818 1066 innumerabilia
826 1009 891 1081 sint,
900 1010 987 1066 etiam

132 1107 182 1156 ¹ea
196 1107 268 1164 quae
282 1096 451 1145 conservent
464 1087 577 1145 infinita
591 1107 651 1146 esse
662 1088 772 1146 debere.
805 1089 843 1146 Et
854 1108 987 1166 quaerere

147 1187 165 1224 a
181 1167 273 1239 nobis,
288 1167 387 1240 Balbe,
400 1168 497 1225 soletis
511 1187 583 1245 quae
598 1169 657 1226 vita
670 1169 789 1226 deorum
807 1170 844 1226 sit
859 1187 987 1247 quaeque

148 1247 184 1304 ab
207 1247 242 1304 iis
266 1247 387 1324 degatur
411 1255 496 1306 aetas.
545 1254 591 1305 51.
614 1247 657 1306 Ea
678 1249 818 1320 videlieet,
835 1269 891 1327 qua
914 1248 987 1306 nihil

147 1327 267 1398 beatius,
283 1329 355 1385 nihil
371 1328 505 1386 omnibus
518 1327 604 1385 bonis
618 1327 789 1386 adfluentius
804 1329 923 1406 eogitari
938 1347 988 1405 po-

147 1414 213 1465 test.
256 1407 335 1465 Nihil
352 1409 428 1466 enirn
443 1409 512 1486 agit,
528 1408 614 1466 nullis
629 1408 864 1485 occupationibus
879 1414 922 1465 cst
937 1409 988 1463 irn-

147 1488 278 1564 plicatus,
291 1489 369 1546 nulla
383 1509 470 1566 opera
484 1488 609 1558 molitur,
622 1507 673 1546 sua
686 1488 825 1565 sapientia
839 1495 868 1544 et
882 1488 987 1544 virtute

148 1567 263 1644 gaudet,
279 1568 366 1626 habet
390 1568 570 1645 exploratum
593 1569 656 1626 fore
681 1587 710 1625 se
735 1587 846 1644 semper
869 1587 934 1624 eum
957 1568 986 1624 in

148 1649 281 1706 maximis
302 1657 365 1706 turn
388 1649 418 1706 in
439 1649 562 1706 aeternis
583 1647 785 1725 voluptatibus.
827 1647 896 1705 XX.
940 1654 985 1706 52.

149 1727 237 1786 Hune
251 1729 337 1786 deum
354 1730 408 1788 rite
422 1729 538 1787 beatum
554 1729 717 1799 dixerimus,
730 1736 855 1786 vestrum
869 1747 936 1786 vero
950 1728 988 1785 la-

150 1807 384 1867 boriosissimum.
427 1809 493 1867 Sive
515 1810 591 1867 enim
614 1809 676 1886 ipse
697 1808 823 1866 mundus
844 1809 914 1866 deus
935 1816 986 1879 est,

149 1888 220 1965 quid
236 1897 332 1965 potest
349 1909 409 1948 esse
424 1890 522 1947 minus
535 1890 664 1966 quietum
680 1909 766 1967 quam
782 1889 861 1946 nullo
878 1896 987 1966 puncto

148 1969 287 2044 temporis
301 1969 463 2026 intermisso
478 1970 583 2026 versari
597 1970 702 2027 circum
718 1989 799 2026 axem
815 1969 885 2026 caeli
899 1969 989 2026 adrni-

149 2047 231 2105 rabili
246 2048 407 2107 eeleritatel
448 2049 513 2106 Nisi
528 2049 656 2126 quietum
672 2059 769 2106 autem
783 2049 856 2106 nihil
870 2048 987 2106 beatum

149 2135 200 2199 est,
216 2129 275 2186 sive
291 2129 322 2186 in
339 2129 403 2206 ipso
417 2128 527 2186 mundo
542 2129 612 2187 deus
629 2129 703 2187 inest
717 2129 820 2206 aliquis
835 2129 884 2206 qui
897 2136 986 2205 regat,

150 2208 200 2286 qui
216 2208 364 2285 gubernet,
381 2209 430 2286 qui
447 2228 545 2266 cursus
561 2216 711 2280 astrorum,
727 2209 901 2266 mutationes
918 2217 988 2266 tein-

149 2307 261 2366 porum,
279 2308 373 2346 rerum
398 2288 608 2360 vicissitudines
636 2289 806 2366 ordinesque
830 2296 986 2359 conservet,

148 2377 237 2426 terras
254 2376 283 2425 et
299 2369 389 2426 maria
402 2368 599 2445 contemplans
616 2368 767 2426 hominum
782 2369 936 2427 commoda
949 2369 989 2425 vi-

148 2456 249 2526 tasque
263 2456 385 2518 tueatur,
401 2467 436 2506 ne
453 2447 500 2505 illc
517 2456 561 2506 est
577 2449 741 2526 implicatus
757 2449 886 2506 molestis
902 2467 988 2525 nego·

148 2529 197 2585 tiis
218 2536 247 2585 et
269 2529 412 2606 operosis!
455 2534 500 2586 53.
520 2528 582 2585 Nos
601 2537 696 2586 autem
715 2528 829 2586 beatam
846 2528 934 2586 vitam
957 2529 988 2585 in

147 2608 237 2665 animi
258 2609 409 2666 securitate
426 2614 455 2666 et
473 2609 503 2665 in
521 2609 815 2667 omniumvaeatione
835 2627 988 2666 munerum

147 2688 290 2766 ponimus.
332 2688 442 2746 Docuit
457 2689 534 2745 enim
548 2708 601 2746 nos
614 2689 692 2746 idem
708 2689 757 2767 qui
771 2695 871 2758 cetera,
886 2695 988 2745 natura

147 2767 283 2825 effectum
305 2787 365 2826 esse
390 2768 549 2826 mundum:
573 2769 646 2826 nihil
667 2789 740 2846 opus
760 2769 849 2825 fuisse
870 2768 986 2839 fabrica,

147 2853 264 2925 tamque
278 2868 341 2905 eam
352 2868 411 2906 rem
427 2868 487 2906 esse
498 2848 621 2920 facilem,
632 2867 717 2926 quam
729 2869 780 2906 vos
794 2847 866 2904 effici
877 2849 988 2925 negatis

147 2927 209 2985 sine
230 2927 328 2984 divina
348 2947 432 3004 posse
454 2927 586 2998 sollertia,
601 2935 634 2985 ut
651 2927 870 2984 innumerabiles
886 2937 988 2984 natura

146 3006 273 3064 mundos
294 3009 430 3065 effectura
451 3008 496 3078 sit,
510 3007 621 3077 efficiat,
638 3007 770 3064 effecerit.
814 3006 900 3074 Quod
922 3008 988 3084 quia

148 3106 234 3164 quem
256 3087 293 3144 ad
313 3087 433 3144 modum
454 3094 556 3144 natura
577 3087 686 3144 efficere
703 3087 763 3144 sine
780 3086 875 3163 aliqua
891 3094 988 3143 monte

148 3167 239 3244 possit
260 3187 318 3224 non
337 3167 449 3237 videtis,
461 3175 492 3223 ut
512 3167 613 3242 tragici
635 3172 746 3242 poetae,
762 3186 827 3222 eum
849 3166 988 3242 explicare

226 3247 241 3291 3
