2224 3446
348 127 416 176 LIB.
428 127 475 188 ΙΙ.,
491 127 568 176 ΟΑΡ.
583 127 672 188 Ι.-ΙΙ.,
687 127 700 187 §
717 132 771 178 1-6.
939 137 987 185 lar

144 234 282 288 tractatus
305 226 455 284 uberrime.
497 227 574 284 Nam
599 228 670 304 quid
694 247 748 304 ego
773 229 809 287 de
835 230 988 291 “consola-

145 307 251 366 tione”
266 307 379 364 dicaml
401 326 473 383 quae
489 307 562 364 mihi
579 308 695 384 quidem
710 309 766 384 ipsi
781 329 847 367 sane
862 311 987 389 aliquan-

144 397 208 446 tum
222 387 361 455 medetur,
374 387 474 444 ceteris
488 387 558 443 item
573 388 696 445 multum
712 389 788 445 illam
804 391 987 466 profuturam

144 477 224 545 puto.
268 466 438 524 Interiectus
454 473 497 524 est
511 465 598 523 etiam
615 487 706 544 nuper
720 468 791 526 liber
805 470 837 541 is,
850 489 935 547 quern
950 472 987 530 ad

144 556 277 606 nostrum
289 545 422 604 Atticum
438 546 454 574 “
465 547 500 603 de
515 554 660 604 senectute
669 547 685 574 '²
700 549 839 606 misimus,
882 550 916 607 In
930 553 986 628 pri-

144 629 264 705 misque,
283 626 419 702 quoniam
436 625 620 704 philosophia
639 629 682 685 vir
703 627 796 686 bonus
817 629 938 688 efficitur
958 639 986 689 et

144 708 237 778 fortis,
260 707 277 734 “
287 705 359 764 Cato
369 705 386 732 ’²
409 713 507 764 noster
528 707 559 763 in
580 707 683 764 horum
705 707 844 766 librorum
866 729 986 769 numero

145 787 296 863 ponendus
331 793 381 844 est.
438 791 464 844 4.
495 785 626 863 Cumque
654 788 825 846 Aristoteles
859 789 986 867 itemque

144 867 367 944 Theophrastus,
390 866 558 924 excellentes
580 867 633 924 vin'
656 887 721 925 cum
744 869 902 928 subtilitate
923 877 986 928 tum

145 948 236 1024 copia,
249 966 315 1003 cum
329 945 513 1023 philosophia
527 947 640 1004 dicendi
655 949 741 1005 etiam
756 957 908 1026 praecepta
922 971 987 1008 con-

144 1027 298 1098 iunxerint,
320 1026 412 1083 nostri
437 1045 551 1103 quoque
574 1028 690 1084 oratorii
712 1031 777 1101 libri
806 1034 836 1089 in
865 1033 988 1090 eundern

144 1107 283 1164 librorum
312 1125 461 1163 numerum
490 1106 632 1164 referendi
659 1107 799 1166 videntur.
856 1109 901 1166 Ita
930 1118 987 1168 tres

145 1194 229 1245 erunt
260 1186 323 1244 “de
358 1185 496 1257 oratore,”
527 1193 643 1263 quartus
675 1186 838 1256 “Brutus’'
869 1190 987 1266 quintus

146 1267 163 1294 “
174 1265 296 1324 orator.”
338 1265 376 1323 II.
395 1265 501 1323 Adhuc
514 1265 585 1324 haec
599 1273 687 1323 erant.
716 1266 766 1324 Ad
779 1267 889 1345 reliqua
902 1267 987 1327 alacri

145 1346 333 1420 tendebamus
347 1346 444 1402 animo
459 1346 498 1403 sic
510 1346 610 1422 parati,
622 1353 663 1416 ut,
675 1346 731 1403 nisi
746 1366 818 1423 quae
833 1367 916 1404 causa
926 1368 988 1425 gra·

144 1427 208 1483 vior
224 1425 389 1496 obstitisset,
406 1425 516 1482 nullum
534 1425 732 1502 philosophiae
746 1425 842 1483 locum
863 1447 923 1484 esse
939 1447 988 1505 pa·
1050 1462 1054 1471 ·

145 1513 270 1564 teremur
291 1506 340 1582 qui
361 1525 419 1562 non
441 1505 550 1562 Latinis
567 1505 669 1562 litteris
690 1505 847 1563 illustratus
867 1514 992 1582 pateret.

145 1585 232 1654 Quod
248 1586 325 1642 enirn
347 1604 452 1642 munus
474 1585 515 1642 rei
531 1585 663 1662 publicae
683 1585 795 1642 adferre
817 1587 909 1642 maius
929 1606 988 1644 me-

145 1665 235 1722 liusve
256 1684 408 1741 possumus
429 1684 514 1741 quam
537 1665 559 1721 si
578 1665 714 1722 docemus
734 1672 820 1742 atque
841 1666 987 1723 erudimus

121 1750 124 1756 '
145 1746 342 1803 iuventutem?
363 1744 408 1801 his
424 1745 590 1820 praesertim
607 1745 736 1802 moribus
753 1752 838 1822 atque
853 1747 988 1822 tempori-

145 1824 208 1896 bus,
224 1825 328 1901 quibus
348 1824 389 1880 ita
406 1824 539 1901 prolapsa
554 1830 605 1894 est,
620 1832 654 1882 ut
675 1825 805 1882 omnium
826 1825 931 1902 opibus
947 1846 988 1884 re·

145 1904 286 1962 frenanda
301 1911 387 1980 atque
402 1904 560 1961 coercenda
574 1905 619 1962 sit.
664 1910 689 1962 5.
713 1904 773 1962 Nec
787 1925 854 1963 vero
869 1905 900 1962 id
914 1905 987 1963 effici

145 2003 229 2063 posse
246 1983 367 2055 confido,
384 1983 463 2060 quod
479 2003 515 2040 ne
531 1984 736 2060 postulandum
754 1985 871 2062 quidem
888 1992 939 2058 est,
955 1994 987 2044 ut

146 2083 246 2122 omnes
268 2063 462 2122 adulescentes
486 2083 516 2120 se
539 2063 669 2122 adhaec
693 2065 788 2123 studia
810 2073 985 2124 convertant.

145 2144 236 2202 Pauci
252 2145 380 2202 utinam!
402 2162 524 2220 quorum
539 2150 635 2200 tamen
650 2145 680 2201 in
697 2165 728 2202 re
741 2145 857 2221 publica
870 2145 927 2203 late
941 2166 988 2223 pa·

146 2231 206 2282 tere
222 2225 329 2300 poterit
346 2223 493 2281 industria.
535 2222 678 2300 Equidem
696 2244 731 2282 ex
747 2225 793 2281 his
810 2226 897 2283 etiam
913 2226 988 2283 fruc·

146 2311 209 2362 turn
232 2305 314 2380 capio
335 2304 439 2361 laboris
460 2303 525 2373 mei,
547 2304 597 2380 qui
619 2304 677 2360 iam
699 2310 791 2362 aetate
806 2306 935 2380 provecti
957 2306 987 2362 in

146 2384 252 2442 nostris
274 2383 353 2441 libris
376 2384 576 2460 acquiescunt:
605 2402 725 2461 quorum
752 2385 848 2440 studio
873 2383 988 2460 legendi

146 2483 243 2521 meum
258 2463 400 2522 scribendi
415 2464 543 2521 studium
557 2463 755 2520 vehementius
768 2463 798 2519 in
814 2463 988 2522 dies'incita·

147 2553 209 2602 tur:
232 2563 303 2620 quos
324 2544 441 2621 quidem
457 2543 553 2620 plures
570 2561 656 2619 qnam
677 2542 758 2599 rebar
774 2561 834 2600 esse
855 2545 985 2618 cognovi.

146 2623 332 2700 Magnificum
346 2623 418 2680 illud
435 2623 520 2680 etiam
536 2622 731 2699 Romanisque
746 2621 912 2679 hominibus
928 2623 988 2699 glo-

147 2704 263 2775 riosum,
275 2709 308 2760 ut
318 2703 434 2760 Graecis
445 2702 481 2760 de
492 2702 674 2780 philosophia
685 2702 788 2760 litteris
802 2721 861 2759 non
876 2711 985 2778 egeant.

147 2789 174 2840 6.
196 2782 282 2851 Quod
306 2783 444 2860 adsequar
465 2783 606 2860 profecte,
628 2783 652 2839 si
676 2783 808 2840 instituta
832 2783 985 2858 perfecere.

145 2863 191 2922 Ac
213 2863 287 2919 mihi
308 2863 423 2939 quidem
446 2862 630 2938 explicandae
652 2862 851 2939 philosophiae
873 2881 987 2919 causam

146 2942 245 3000 attulit
262 2962 342 2999 casus
359 2942 453 3018 gravis
474 2942 606 3012 civitatis,
623 2961 688 3000 curn
705 2943 736 2999 in
753 2943 839 2999 armis
856 2942 987 3000 civilibus

147 3041 199 3082 nec
220 3023 295 3080 tueri
316 3041 381 3079 meo
401 3040 481 3078 more
501 3021 723 3098 rempublicam
743 3042 796 3080 nec
816 3023 888 3080 nihil
905 3041 986 3098 agere

148 3109 278 3179 poteram
295 3121 347 3158 nec
365 3101 434 3178 quid
451 3101 548 3177 potius
565 3102 644 3177 quod
661 3102 778 3178 quidem
798 3121 846 3160 me
867 3102 986 3178 dignum

147 3189 349 3307 essethgerem
366 3179 548 3254 reperiebam.
591 3180 711 3238 Dabunt
724 3181 813 3256 igitur
826 3182 898 3239 mihi
912 3181 986 3238 veni-

1033 3345 1107 3416 A
