<?xml version="1.0" encoding="UTF-8"?>
<!DOCTYPE html PUBLIC "-//W3C//DTD XHTML 1.0 Transitional//EN"
    "http://www.w3.org/TR/xhtml1/DTD/xhtml1-transitional.dtd">
<html xmlns="http://www.w3.org/1999/xhtml" xml:lang="en" lang="en">
 <head>
  <title>
</title>
<meta http-equiv="Content-Type" content="text/html;charset=utf-8" />
  <meta name='ocr-system' content='tesseract 3.04.00' />
  <meta name='ocr-capabilities' content='ocr_page ocr_carea ocr_par ocr_line ocrx_word'/>
</head>
<body>
  <div class='ocr_page' id='page_1' title='image "./mtulliiciceroni106cicegoog/mtulliiciceroni106cicegoog_0238.png"; bbox 0 0 2224 3446; ppageno 0'>
   <div class='ocr_carea' id='block_1_1' title="bbox 258 120 1026 183">
    <p class='ocr_par' dir='ltr' id='par_1_1' title="bbox 258 120 1026 183">
     <span class='ocr_line' id='line_1_1' title="bbox 258 120 1026 183; baseline 0.009 -15"><span class='ocrx_word' id='word_1_1' title='bbox 258 121 326 170; x_wconf 92' lang='lat' dir='ltr'><strong>LlB.</strong></span> <span class='ocrx_word' id='word_1_2' title='bbox 341 121 387 182; x_wconf 91' lang='grc' dir='ltr'>ΙΙ.,</span> <span class='ocrx_word' id='word_1_3' title='bbox 402 120 735 183; x_wconf 85' lang='lat' dir='ltr'><strong>CAP.XXX1X.-XLlI.,</strong></span> <span class='ocrx_word' id='word_1_4' title='bbox 750 122 765 181; x_wconf 88' lang='lat'>§</span> <span class='ocrx_word' id='word_1_5' title='bbox 780 125 869 173; x_wconf 83' lang='grc'>83-89.</span> <span class='ocrx_word' id='word_1_6' title='bbox 936 128 985 175; x_wconf 80' lang='grc'><strong>227</strong></span> <span class='ocrx_word' id='word_1_7' title='bbox 1022 147 1026 154; x_wconf 71' lang='grc'><strong>’</strong></span> 
     </span>
    </p>
   </div>
   <div class='ocr_carea' id='block_1_2' title="bbox 121 222 990 3254">
    <p class='ocr_par' dir='ltr' id='par_1_2' title="bbox 121 222 988 1956">
     <span class='ocr_line' id='line_1_2' title="bbox 142 222 982 298; baseline 0.006 -20"><span class='ocrx_word' id='word_1_8' title='bbox 142 239 299 278; x_wconf 85' lang='lat' dir='ltr'><strong>mammam</strong></span> <span class='ocrx_word' id='word_1_9' title='bbox 323 228 471 298; x_wconf 90' lang='lat' dir='ltr'><strong>appetens,</strong></span> <span class='ocrx_word' id='word_1_10' title='bbox 488 222 645 279; x_wconf 74' lang='lat' dir='ltr'><strong>castissime</strong></span> <span class='ocrx_word' id='word_1_11' title='bbox 669 222 773 280; x_wconf 90' lang='lat' dir='ltr'><strong>colitur</strong></span> <span class='ocrx_word' id='word_1_12' title='bbox 796 243 813 281; x_wconf 92' lang='lat' dir='ltr'><strong>a</strong></span> <span class='ocrx_word' id='word_1_13' title='bbox 836 224 982 283; x_wconf 89' lang='lat' dir='ltr'><strong>matribus.</strong></span> 
     </span>
     <span class='ocr_line' id='line_1_3' title="bbox 144 300 985 378; baseline 0.005 -21"><span class='ocrx_word' id='word_1_14' title='bbox 144 306 191 358; x_wconf 88' lang='lat'><strong>86.</strong></span> <span class='ocrx_word' id='word_1_15' title='bbox 214 300 382 377; x_wconf 90' lang='lat' dir='ltr'><strong>Eodemque</strong></span> <span class='ocrx_word' id='word_1_16' title='bbox 405 307 535 378; x_wconf 88' lang='lat' dir='ltr'><strong>tempore</strong></span> <span class='ocrx_word' id='word_1_17' title='bbox 559 303 589 358; x_wconf 91' lang='lat' dir='ltr'><strong>in</strong></span> <span class='ocrx_word' id='word_1_18' title='bbox 614 322 648 359; x_wconf 94' lang='lat' dir='ltr'><strong>ec</strong></span> <span class='ocrx_word' id='word_1_19' title='bbox 673 301 745 373; x_wconf 91' lang='lat' dir='ltr'><strong>loco,</strong></span> <span class='ocrx_word' id='word_1_20' title='bbox 767 302 817 359; x_wconf 91' lang='lat' dir='ltr'><strong>ubi</strong></span> <span class='ocrx_word' id='word_1_21' title='bbox 842 303 985 361; x_wconf 88' lang='lat' dir='ltr'><strong>Fortunae</strong></span> 
     </span>
     <span class='ocr_line' id='line_1_4' title="bbox 143 381 986 460; baseline 0.002 -23"><span class='ocrx_word' id='word_1_22' title='bbox 143 400 219 438; x_wconf 89' lang='lat' dir='ltr'><strong>nune</strong></span> <span class='ocrx_word' id='word_1_23' title='bbox 238 388 280 438; x_wconf 87' lang='lat' dir='ltr'><strong>est</strong></span> <span class='ocrx_word' id='word_1_24' title='bbox 297 381 388 451; x_wconf 88' lang='lat' dir='ltr'><strong>aedes,</strong></span> <span class='ocrx_word' id='word_1_25' title='bbox 401 381 457 437; x_wconf 89' lang='lat' dir='ltr'><strong>mel</strong></span> <span class='ocrx_word' id='word_1_26' title='bbox 472 401 507 438; x_wconf 84' lang='lat' dir='ltr'><strong>ex</strong></span> <span class='ocrx_word' id='word_1_27' title='bbox 524 381 591 439; x_wconf 86' lang='lat' dir='ltr'><strong>¹olea</strong></span> <span class='ocrx_word' id='word_1_28' title='bbox 606 382 720 439; x_wconf 83' lang='lat' dir='ltr'><strong>finxisse</strong></span> <span class='ocrx_word' id='word_1_29' title='bbox 741 383 842 440; x_wconf 91' lang='lat' dir='ltr'><strong>dicunt</strong></span> <span class='ocrx_word' id='word_1_30' title='bbox 858 383 986 460; x_wconf 89' lang='lat' dir='ltr'><strong>haruspi-</strong></span> 
     </span>
     <span class='ocr_line' id='line_1_5' title="bbox 142 461 985 537; baseline 0.004 -20"><span class='ocrx_word' id='word_1_31' title='bbox 142 480 247 537; x_wconf 90' lang='lat' dir='ltr'><strong>cesque</strong></span> <span class='ocrx_word' id='word_1_32' title='bbox 268 461 372 517; x_wconf 79' lang='lat' dir='ltr'><strong>dixisse</strong></span> <span class='ocrx_word' id='word_1_33' title='bbox 394 480 506 518; x_wconf 88' lang='lat' dir='ltr'><strong>summa</strong></span> <span class='ocrx_word' id='word_1_34' title='bbox 522 461 672 519; x_wconf 91' lang='lat' dir='ltr'><strong>nobilitate</strong></span> <span class='ocrx_word' id='word_1_35' title='bbox 689 461 751 518; x_wconf 91' lang='lat' dir='ltr'><strong>illas</strong></span> <span class='ocrx_word' id='word_1_36' title='bbox 767 470 857 520; x_wconf 83' lang='lat' dir='ltr'><strong>sortes</strong></span> <span class='ocrx_word' id='word_1_37' title='bbox 873 463 985 520; x_wconf 89' lang='lat' dir='ltr'><strong>futuras</strong></span> 
     </span>
     <span class='ocr_line' id='line_1_6' title="bbox 144 539 984 619; baseline 0.005 -23"><span class='ocrx_word' id='word_1_38' title='bbox 144 559 299 617; x_wconf 85' lang='lat' dir='ltr'><strong>eorumque</strong></span> <span class='ocrx_word' id='word_1_39' title='bbox 314 541 391 597; x_wconf 91' lang='lat' dir='ltr'><strong>iussu</strong></span> <span class='ocrx_word' id='word_1_40' title='bbox 407 560 441 596; x_wconf 85' lang='lat' dir='ltr'><strong>ex</strong></span> <span class='ocrx_word' id='word_1_41' title='bbox 455 539 503 596; x_wconf 91' lang='lat' dir='ltr'><strong>illa</strong></span> <span class='ocrx_word' id='word_1_42' title='bbox 517 541 580 598; x_wconf 92' lang='lat' dir='ltr'><strong>olea</strong></span> <span class='ocrx_word' id='word_1_43' title='bbox 593 561 687 599; x_wconf 89' lang='lat' dir='ltr'><strong>arcam</strong></span> <span class='ocrx_word' id='word_1_44' title='bbox 702 561 762 600; x_wconf 87' lang='lat' dir='ltr'><strong>esse</strong></span> <span class='ocrx_word' id='word_1_45' title='bbox 772 543 878 600; x_wconf 87' lang='lat' dir='ltr'><strong>factam</strong></span> <span class='ocrx_word' id='word_1_46' title='bbox 894 562 984 619; x_wconf 88' lang='lat' dir='ltr'><strong>eoque</strong></span> 
     </span>
     <span class='ocr_line' id='line_1_7' title="bbox 143 620 986 696; baseline 0.002 -20"><span class='ocrx_word' id='word_1_47' title='bbox 143 620 275 677; x_wconf 90' lang='lat' dir='ltr'><strong>conditas</strong></span> <span class='ocrx_word' id='word_1_48' title='bbox 292 628 389 691; x_wconf 90' lang='lat' dir='ltr'><strong>sortes,</strong></span> <span class='ocrx_word' id='word_1_49' title='bbox 403 639 474 696; x_wconf 89' lang='lat' dir='ltr'><strong>quae</strong></span> <span class='ocrx_word' id='word_1_50' title='bbox 492 620 578 678; x_wconf 92' lang='lat' dir='ltr'><strong>hodie</strong></span> <span class='ocrx_word' id='word_1_51' title='bbox 593 621 734 679; x_wconf 78' lang='lat' dir='ltr'><strong>Fortunae</strong></span> <span class='ocrx_word' id='word_1_52' title='bbox 750 623 865 679; x_wconf 90' lang='lat' dir='ltr'><strong>monitu</strong></span> <span class='ocrx_word' id='word_1_53' title='bbox 882 622 986 680; x_wconf 87' lang='lat' dir='ltr'><strong>tollun-</strong></span> 
     </span>
     <span class='ocr_line' id='line_1_8' title="bbox 144 698 986 779; baseline 0.005 -23"><span class='ocrx_word' id='word_1_54' title='bbox 144 706 197 756; x_wconf 89' lang='lat' dir='ltr'><strong>tur.</strong></span> <span class='ocrx_word' id='word_1_55' title='bbox 233 698 310 767; x_wconf 83' lang='lat' dir='ltr'>Quid</span> <span class='ocrx_word' id='word_1_56' title='bbox 324 700 413 776; x_wconf 86' lang='lat' dir='ltr'><strong>igitur</strong></span> <span class='ocrx_word' id='word_1_57' title='bbox 427 699 456 755; x_wconf 91' lang='lat' dir='ltr'><strong>in</strong></span> <span class='ocrx_word' id='word_1_58' title='bbox 471 699 516 756; x_wconf 92' lang='lat' dir='ltr'><strong>his</strong></span> <span class='ocrx_word' id='word_1_59' title='bbox 530 707 627 777; x_wconf 91' lang='lat' dir='ltr'><strong>potest</strong></span> <span class='ocrx_word' id='word_1_60' title='bbox 640 721 700 758; x_wconf 85' lang='lat' dir='ltr'><strong>esse</strong></span> <span class='ocrx_word' id='word_1_61' title='bbox 711 702 788 774; x_wconf 89' lang='lat' dir='ltr'><strong>certi,</strong></span> <span class='ocrx_word' id='word_1_62' title='bbox 801 721 873 779; x_wconf 89' lang='lat' dir='ltr'><strong>quae</strong></span> <span class='ocrx_word' id='word_1_63' title='bbox 887 702 986 760; x_wconf 87' lang='lat' dir='ltr'><strong>Fortu·</strong></span> 
     </span>
     <span class='ocr_line' id='line_1_9' title="bbox 143 779 985 858; baseline 0.005 -23"><span class='ocrx_word' id='word_1_64' title='bbox 143 798 196 836; x_wconf 89' lang='lat' dir='ltr'><strong>nae</strong></span> <span class='ocrx_word' id='word_1_65' title='bbox 213 780 325 837; x_wconf 92' lang='lat' dir='ltr'><strong>monitu</strong></span> <span class='ocrx_word' id='word_1_66' title='bbox 343 779 424 855; x_wconf 89' lang='lat' dir='ltr'><strong>pueri</strong></span> <span class='ocrx_word' id='word_1_67' title='bbox 442 799 528 836; x_wconf 92' lang='lat' dir='ltr'><strong>manu</strong></span> <span class='ocrx_word' id='word_1_68' title='bbox 546 781 702 838; x_wconf 79' lang='lat' dir='ltr'><strong>miscentur</strong></span> <span class='ocrx_word' id='word_1_69' title='bbox 722 789 807 858; x_wconf 90' lang='lat' dir='ltr'><strong>atque</strong></span> <span class='ocrx_word' id='word_1_70' title='bbox 824 782 985 840; x_wconf 81' lang='lat' dir='ltr'><strong>ducunturi</strong></span> 
     </span>
     <span class='ocr_line' id='line_1_10' title="bbox 144 857 987 940; baseline 0.005 -25"><span class='ocrx_word' id='word_1_71' title='bbox 144 857 209 926; x_wconf 86' lang='lat' dir='ltr'><strong>Quo</strong></span> <span class='ocrx_word' id='word_1_72' title='bbox 226 859 314 916; x_wconf 93' lang='lat' dir='ltr'><strong>modo</strong></span> <span class='ocrx_word' id='word_1_73' title='bbox 331 867 426 916; x_wconf 86' lang='lat' dir='ltr'><strong>autem</strong></span> <span class='ocrx_word' id='word_1_74' title='bbox 441 860 512 917; x_wconf 89' lang='lat' dir='ltr'><strong>istae</strong></span> <span class='ocrx_word' id='word_1_75' title='bbox 526 860 636 936; x_wconf 81' lang='lat' dir='ltr'><strong>positae</strong></span> <span class='ocrx_word' id='word_1_76' title='bbox 651 861 681 917; x_wconf 94' lang='lat' dir='ltr'><strong>in</strong></span> <span class='ocrx_word' id='word_1_77' title='bbox 695 860 744 919; x_wconf 90' lang='lat' dir='ltr'><strong>illo</strong></span> <span class='ocrx_word' id='word_1_78' title='bbox 759 861 841 919; x_wconf 73' lang='lat' dir='ltr'><strong>loco?</strong></span> <span class='ocrx_word' id='word_1_79' title='bbox 862 863 926 940; x_wconf 91' lang='lat' dir='ltr'><strong>quis</strong></span> <span class='ocrx_word' id='word_1_80' title='bbox 942 882 987 919; x_wconf 90' lang='lat' dir='ltr'><strong>ro·</strong></span> 
     </span>
     <span class='ocr_line' id='line_1_11' title="bbox 144 937 987 1018; baseline 0.007 -24"><span class='ocrx_word' id='word_1_81' title='bbox 144 937 198 995; x_wconf 90' lang='lat' dir='ltr'><strong>bur</strong></span> <span class='ocrx_word' id='word_1_82' title='bbox 218 938 289 996; x_wconf 91' lang='lat' dir='ltr'><strong>illud</strong></span> <span class='ocrx_word' id='word_1_83' title='bbox 310 939 421 1010; x_wconf 87' lang='lat' dir='ltr'><strong>cecidit,</strong></span> <span class='ocrx_word' id='word_1_84' title='bbox 437 939 554 1010; x_wconf 91' lang='lat' dir='ltr'><strong>dolavit,</strong></span> <span class='ocrx_word' id='word_1_85' title='bbox 570 940 733 1018; x_wconf 69' lang='lat' dir='ltr'><strong>inscripsit?</strong></span> <span class='ocrx_word' id='word_1_86' title='bbox 773 941 854 999; x_wconf 93' lang='lat' dir='ltr'><strong>Nihil</strong></span> <span class='ocrx_word' id='word_1_87' title='bbox 879 950 930 1013; x_wconf 88' lang='lat' dir='ltr'><strong>est,</strong></span> <span class='ocrx_word' id='word_1_88' title='bbox 945 943 987 999; x_wconf 87' lang='lat' dir='ltr'><strong>in-</strong></span> 
     </span>
     <span class='ocr_line' id='line_1_12' title="bbox 144 1019 987 1096; baseline 0.006 -22"><span class='ocrx_word' id='word_1_89' title='bbox 144 1019 255 1094; x_wconf 90' lang='lat' dir='ltr'><strong>quiunt,</strong></span> <span class='ocrx_word' id='word_1_90' title='bbox 273 1019 351 1095; x_wconf 90' lang='lat' dir='ltr'><strong>quod</strong></span> <span class='ocrx_word' id='word_1_91' title='bbox 367 1019 437 1076; x_wconf 89' lang='lat' dir='ltr'><strong>deus</strong></span> <span class='ocrx_word' id='word_1_92' title='bbox 454 1019 564 1077; x_wconf 88' lang='lat' dir='ltr'><strong>efficere</strong></span> <span class='ocrx_word' id='word_1_93' title='bbox 584 1039 643 1077; x_wconf 88' lang='lat' dir='ltr'><strong>uon</strong></span> <span class='ocrx_word' id='word_1_94' title='bbox 660 1021 760 1096; x_wconf 89' lang='lat' dir='ltr'><strong>possit.</strong></span> <span class='ocrx_word' id='word_1_95' title='bbox 802 1021 924 1080; x_wconf 88' lang='lat' dir='ltr'><strong>Utinam</strong></span> <span class='ocrx_word' id='word_1_96' title='bbox 946 1042 987 1079; x_wconf 90' lang='lat' dir='ltr'><strong>sa-</strong></span> 
     </span>
     <span class='ocr_line' id='line_1_13' title="bbox 143 1098 987 1178; baseline 0.006 -24"><span class='ocrx_word' id='word_1_97' title='bbox 143 1098 255 1174; x_wconf 87' lang='lat' dir='ltr'><strong>pientes</strong></span> <span class='ocrx_word' id='word_1_98' title='bbox 266 1098 379 1157; x_wconf 89' lang='lat' dir='ltr'><strong>Stoicos</strong></span> <span class='ocrx_word' id='word_1_99' title='bbox 390 1100 537 1170; x_wconf 84' lang='lat' dir='ltr'><strong>effecisset,</strong></span> <span class='ocrx_word' id='word_1_100' title='bbox 548 1119 584 1156; x_wconf 92' lang='lat' dir='ltr'><strong>ne</strong></span> <span class='ocrx_word' id='word_1_101' title='bbox 599 1101 696 1156; x_wconf 90' lang='lat' dir='ltr'><strong>omnia</strong></span> <span class='ocrx_word' id='word_1_102' title='bbox 710 1120 773 1157; x_wconf 90' lang='lat' dir='ltr'><strong>cnm</strong></span> <span class='ocrx_word' id='word_1_103' title='bbox 790 1102 987 1178; x_wconf 89' lang='lat' dir='ltr'><strong>superstitiosa</strong></span> 
     </span>
     <span class='ocr_line' id='line_1_14' title="bbox 145 1177 985 1258; baseline 0.005 -24"><span class='ocrx_word' id='word_1_104' title='bbox 145 1177 336 1236; x_wconf 90' lang='lat' dir='ltr'><strong>sollicitudine</strong></span> <span class='ocrx_word' id='word_1_105' title='bbox 350 1186 379 1236; x_wconf 93' lang='lat' dir='ltr'><strong>et</strong></span> <span class='ocrx_word' id='word_1_106' title='bbox 393 1179 506 1236; x_wconf 87' lang='lat' dir='ltr'><strong>miseria</strong></span> <span class='ocrx_word' id='word_1_107' title='bbox 519 1179 683 1237; x_wconf 84' lang='lat' dir='ltr'><strong>crederent!</strong></span> <span class='ocrx_word' id='word_1_108' title='bbox 724 1179 783 1237; x_wconf 83' lang='lat' dir='ltr'><strong>Sed</strong></span> <span class='ocrx_word' id='word_1_109' title='bbox 796 1180 851 1238; x_wconf 93' lang='lat' dir='ltr'><strong>hoc</strong></span> <span class='ocrx_word' id='word_1_110' title='bbox 869 1181 985 1258; x_wconf 93' lang='lat' dir='ltr'><strong>quidem</strong></span> 
     </span>
     <span class='ocr_line' id='line_1_15' title="bbox 144 1258 986 1336; baseline 0.004 -21"><span class='ocrx_word' id='word_1_111' title='bbox 144 1276 235 1334; x_wconf 86' lang='lat' dir='ltr'><strong>genus</strong></span> <span class='ocrx_word' id='word_1_112' title='bbox 246 1258 431 1316; x_wconf 89' lang='lat' dir='ltr'><strong>divinationis</strong></span> <span class='ocrx_word' id='word_1_113' title='bbox 442 1260 501 1316; x_wconf 87' lang='lat' dir='ltr'><strong>vita</strong></span> <span class='ocrx_word' id='word_1_114' title='bbox 511 1260 568 1316; x_wconf 88' lang='lat' dir='ltr'><strong>iam</strong></span> <span class='ocrx_word' id='word_1_115' title='bbox 580 1259 741 1316; x_wconf 87' lang='lat' dir='ltr'><strong>communis</strong></span> <span class='ocrx_word' id='word_1_116' title='bbox 753 1259 882 1336; x_wconf 86' lang='lat' dir='ltr'><strong>explosit.</strong></span> <span class='ocrx_word' id='word_1_117' title='bbox 915 1260 986 1318; x_wconf 88' lang='lat' dir='ltr'><strong>Fani</strong></span> 
     </span>
     <span class='ocr_line' id='line_1_16' title="bbox 121 1337 987 1414; baseline 0 -18"><span class='ocrx_word' id='word_1_118' title='bbox 121 1393 123 1396; x_wconf 86' lang='lat'>.</span> <span class='ocrx_word' id='word_1_119' title='bbox 144 1337 329 1414; x_wconf 88' lang='lat' dir='ltr'><strong>pulchritudo</strong></span> <span class='ocrx_word' id='word_1_120' title='bbox 350 1345 380 1395; x_wconf 91' lang='lat' dir='ltr'><strong>et</strong></span> <span class='ocrx_word' id='word_1_121' title='bbox 396 1345 521 1396; x_wconf 86' lang='lat' dir='ltr'><strong>vetustas</strong></span> <span class='ocrx_word' id='word_1_122' title='bbox 538 1339 787 1396; x_wconf 89' lang='lat' dir='ltr'><strong>Praenestinarum</strong></span> <span class='ocrx_word' id='word_1_123' title='bbox 804 1340 892 1397; x_wconf 90' lang='lat' dir='ltr'><strong>etiam</strong></span> <span class='ocrx_word' id='word_1_124' title='bbox 909 1359 987 1397; x_wconf 89' lang='lat' dir='ltr'><strong>nunc</strong></span> 
     </span>
     <span class='ocr_line' id='line_1_17' title="bbox 145 1418 987 1496; baseline 0.002 -22"><span class='ocrx_word' id='word_1_125' title='bbox 145 1418 249 1475; x_wconf 88' lang='lat' dir='ltr'><strong>retinet</strong></span> <span class='ocrx_word' id='word_1_126' title='bbox 263 1419 384 1475; x_wconf 90' lang='lat' dir='ltr'><strong>sortium</strong></span> <span class='ocrx_word' id='word_1_127' title='bbox 399 1438 503 1476; x_wconf 91' lang='lat' dir='ltr'><strong>nomen</strong></span> <span class='ocrx_word' id='word_1_128' title='bbox 518 1426 604 1495; x_wconf 89' lang='lat' dir='ltr'><strong>atque</strong></span> <span class='ocrx_word' id='word_1_129' title='bbox 618 1419 649 1476; x_wconf 89' lang='lat' dir='ltr'><strong>id</strong></span> <span class='ocrx_word' id='word_1_130' title='bbox 663 1419 694 1475; x_wconf 94' lang='lat' dir='ltr'><strong>in</strong></span> <span class='ocrx_word' id='word_1_131' title='bbox 708 1419 817 1496; x_wconf 87' lang='lat' dir='ltr'><strong>vulgus.</strong></span> <span class='ocrx_word' id='word_1_132' title='bbox 853 1419 899 1477; x_wconf 80' lang='lat'><strong>87.</strong></span> <span class='ocrx_word' id='word_1_133' title='bbox 916 1418 987 1487; x_wconf 79' lang='lat' dir='ltr'><strong>Quis</strong></span> 
     </span>
     <span class='ocr_line' id='line_1_18' title="bbox 145 1497 988 1575; baseline 0.002 -21"><span class='ocrx_word' id='word_1_134' title='bbox 145 1497 222 1554; x_wconf 91' lang='lat' dir='ltr'><strong>enim</strong></span> <span class='ocrx_word' id='word_1_135' title='bbox 239 1498 422 1574; x_wconf 80' lang='lat' dir='ltr'><strong>magistratus</strong></span> <span class='ocrx_word' id='word_1_136' title='bbox 439 1507 489 1557; x_wconf 88' lang='lat' dir='ltr'><strong>aut</strong></span> <span class='ocrx_word' id='word_1_137' title='bbox 506 1500 570 1575; x_wconf 91' lang='lat' dir='ltr'><strong>quis</strong></span> <span class='ocrx_word' id='word_1_138' title='bbox 584 1499 627 1556; x_wconf 92' lang='lat' dir='ltr'><strong>vir</strong></span> <span class='ocrx_word' id='word_1_139' title='bbox 643 1499 779 1556; x_wconf 87' lang='lat' dir='ltr'><strong>illustrior</strong></span> <span class='ocrx_word' id='word_1_140' title='bbox 794 1499 886 1556; x_wconf 93' lang='lat' dir='ltr'><strong>utitur</strong></span> <span class='ocrx_word' id='word_1_141' title='bbox 906 1501 988 1556; x_wconf 90' lang='lat' dir='ltr'><strong>sorti-</strong></span> 
     </span>
     <span class='ocr_line' id='line_1_19' title="bbox 145 1577 985 1655; baseline 0.002 -21"><span class='ocrx_word' id='word_1_142' title='bbox 145 1577 217 1634; x_wconf 79' lang='lat' dir='ltr'><strong>busl</strong></span> <span class='ocrx_word' id='word_1_143' title='bbox 257 1578 367 1636; x_wconf 90' lang='lat' dir='ltr'><strong>Ceteris</strong></span> <span class='ocrx_word' id='word_1_144' title='bbox 381 1597 447 1636; x_wconf 88' lang='lat' dir='ltr'><strong>vero</strong></span> <span class='ocrx_word' id='word_1_145' title='bbox 464 1579 494 1634; x_wconf 92' lang='lat' dir='ltr'><strong>in</strong></span> <span class='ocrx_word' id='word_1_146' title='bbox 510 1579 581 1636; x_wconf 90' lang='lat' dir='ltr'><strong>locis</strong></span> <span class='ocrx_word' id='word_1_147' title='bbox 599 1587 689 1636; x_wconf 86' lang='lat' dir='ltr'><strong>sortes</strong></span> <span class='ocrx_word' id='word_1_148' title='bbox 705 1579 789 1655; x_wconf 91' lang='lat' dir='ltr'><strong>plane</strong></span> <span class='ocrx_word' id='word_1_149' title='bbox 806 1579 985 1636; x_wconf 87' lang='lat' dir='ltr'><strong>refrixerunt.</strong></span> 
     </span>
     <span class='ocr_line' id='line_1_20' title="bbox 146 1657 985 1730; baseline 0.001 -16"><span class='ocrx_word' id='word_1_150' title='bbox 146 1657 232 1725; x_wconf 81' lang='lat' dir='ltr'><strong>Quod</strong></span> <span class='ocrx_word' id='word_1_151' title='bbox 242 1657 417 1716; x_wconf 84' lang='lat' dir='ltr'><strong>Carneadem</strong></span> <span class='ocrx_word' id='word_1_152' title='bbox 433 1657 628 1716; x_wconf 84' lang='lat' dir='ltr'><strong>Clitomachus</strong></span> <span class='ocrx_word' id='word_1_153' title='bbox 643 1658 741 1716; x_wconf 89' lang='lat' dir='ltr'><strong>scribit</strong></span> <span class='ocrx_word' id='word_1_154' title='bbox 752 1659 845 1716; x_wconf 89' lang='lat' dir='ltr'><strong>dicere</strong></span> <span class='ocrx_word' id='word_1_155' title='bbox 859 1659 985 1730; x_wconf 91' lang='lat' dir='ltr'><strong>solitum,</strong></span> 
     </span>
     <span class='ocr_line' id='line_1_21' title="bbox 145 1739 985 1815; baseline 0.002 -21"><span class='ocrx_word' id='word_1_156' title='bbox 145 1757 286 1815; x_wconf 88' lang='lat' dir='ltr'><strong>nusquam</strong></span> <span class='ocrx_word' id='word_1_157' title='bbox 308 1758 337 1795; x_wconf 89' lang='lat' dir='ltr'><strong>se</strong></span> <span class='ocrx_word' id='word_1_158' title='bbox 357 1739 578 1796; x_wconf 81' lang='lat' dir='ltr'><strong>fortunatiorem</strong></span> <span class='ocrx_word' id='word_1_159' title='bbox 601 1758 686 1814; x_wconf 91' lang='lat' dir='ltr'><strong>quam</strong></span> <span class='ocrx_word' id='word_1_160' title='bbox 708 1739 860 1796; x_wconf 85' lang='lat' dir='ltr'><strong>Praeneste</strong></span> <span class='ocrx_word' id='word_1_161' title='bbox 880 1739 985 1796; x_wconf 87' lang='lat' dir='ltr'><strong>vidisse</strong></span> 
     </span>
     <span class='ocr_line' id='line_1_22' title="bbox 145 1817 987 1896; baseline 0.001 -22"><span class='ocrx_word' id='word_1_162' title='bbox 145 1817 309 1876; x_wconf 88' lang='lat' dir='ltr'><strong>Fortunam.</strong></span> <span class='ocrx_word' id='word_1_163' title='bbox 359 1818 436 1895; x_wconf 88' lang='lat' dir='ltr'><strong>Ergo</strong></span> <span class='ocrx_word' id='word_1_164' title='bbox 460 1818 516 1876; x_wconf 92' lang='lat' dir='ltr'><strong>hoc</strong></span> <span class='ocrx_word' id='word_1_165' title='bbox 544 1819 729 1876; x_wconf 85' lang='lat' dir='ltr'><strong>divinationis</strong></span> <span class='ocrx_word' id='word_1_166' title='bbox 756 1838 846 1896; x_wconf 85' lang='lat' dir='ltr'><strong>genus</strong></span> <span class='ocrx_word' id='word_1_167' title='bbox 874 1819 987 1876; x_wconf 88' lang='lat' dir='ltr'><strong>omitta-</strong></span> 
     </span>
     <span class='ocr_line' id='line_1_23' title="bbox 145 1917 218 1956; baseline 0.027 -2"><span class='ocrx_word' id='word_1_168' title='bbox 145 1917 218 1956; x_wconf 87' lang='lat' dir='ltr'><strong>mus.</strong></span> 
     </span>
    </p>

    <p class='ocr_par' dir='ltr' id='par_1_3' title="bbox 145 1976 990 3254">
     <span class='ocr_line' id='line_1_24' title="bbox 186 1976 986 2037; baseline 0.003 -3"><span class='ocrx_word' id='word_1_169' title='bbox 186 1977 278 2034; x_wconf 90' lang='lat' dir='ltr'><strong>XLII.</strong></span> <span class='ocrx_word' id='word_1_170' title='bbox 300 1977 350 2034; x_wconf 85' lang='lat' dir='ltr'><strong>Ad</strong></span> <span class='ocrx_word' id='word_1_171' title='bbox 374 1976 583 2036; x_wconf 88' lang='lat' dir='ltr'><strong>Chaldaeomm</strong></span> <span class='ocrx_word' id='word_1_172' title='bbox 608 1984 737 2036; x_wconf 87' lang='lat' dir='ltr'><strong>monstra</strong></span> <span class='ocrx_word' id='word_1_173' title='bbox 759 1979 924 2037; x_wconf 89' lang='lat' dir='ltr'><strong>veniamus:</strong></span> <span class='ocrx_word' id='word_1_174' title='bbox 950 1980 986 2036; x_wconf 87' lang='lat' dir='ltr'><strong>de</strong></span> 
     </span>
     <span class='ocr_line' id='line_1_25' title="bbox 146 2057 988 2136; baseline 0.002 -22"><span class='ocrx_word' id='word_1_175' title='bbox 146 2057 250 2134; x_wconf 87' lang='lat' dir='ltr'><strong>quibus</strong></span> <span class='ocrx_word' id='word_1_176' title='bbox 264 2057 409 2127; x_wconf 88' lang='lat' dir='ltr'><strong>Eudoxus,</strong></span> <span class='ocrx_word' id='word_1_177' title='bbox 422 2058 552 2116; x_wconf 86' lang='lat' dir='ltr'><strong>Platonis</strong></span> <span class='ocrx_word' id='word_1_178' title='bbox 569 2058 691 2129; x_wconf 90' lang='lat' dir='ltr'><strong>auditor,</strong></span> <span class='ocrx_word' id='word_1_179' title='bbox 703 2059 734 2115; x_wconf 90' lang='lat' dir='ltr'><strong>iu</strong></span> <span class='ocrx_word' id='word_1_180' title='bbox 748 2059 902 2136; x_wconf 86' lang='lat' dir='ltr'><strong>astrologia</strong></span> <span class='ocrx_word' id='word_1_181' title='bbox 916 2060 988 2116; x_wconf 92' lang='lat' dir='ltr'><strong>iudi-</strong></span> 
     </span>
     <span class='ocr_line' id='line_1_26' title="bbox 146 2137 989 2216; baseline 0.004 -22"><span class='ocrx_word' id='word_1_182' title='bbox 146 2139 191 2194; x_wconf 88' lang='lat' dir='ltr'><strong>cio</strong></span> <span class='ocrx_word' id='word_1_183' title='bbox 206 2137 437 2195; x_wconf 87' lang='lat' dir='ltr'><strong>doctissimorum</strong></span> <span class='ocrx_word' id='word_1_184' title='bbox 452 2138 603 2195; x_wconf 90' lang='lat' dir='ltr'><strong>hominum</strong></span> <span class='ocrx_word' id='word_1_185' title='bbox 618 2138 702 2195; x_wconf 86' lang='lat' dir='ltr'><strong>facile</strong></span> <span class='ocrx_word' id='word_1_186' title='bbox 717 2139 858 2216; x_wconf 88' lang='lat' dir='ltr'><strong>princeps,</strong></span> <span class='ocrx_word' id='word_1_187' title='bbox 871 2140 911 2197; x_wconf 89' lang='lat' dir='ltr'><strong>sic</strong></span> <span class='ocrx_word' id='word_1_188' title='bbox 928 2140 989 2216; x_wconf 91' lang='lat' dir='ltr'><strong>cpi-</strong></span> 
     </span>
     <span class='ocr_line' id='line_1_27' title="bbox 145 2217 989 2296; baseline 0.002 -22"><span class='ocrx_word' id='word_1_189' title='bbox 145 2225 238 2289; x_wconf 88' lang='lat' dir='ltr'><strong>natur,</strong></span> <span class='ocrx_word' id='word_1_190' title='bbox 246 2217 278 2274; x_wconf 92' lang='lat' dir='ltr'><strong>id</strong></span> <span class='ocrx_word' id='word_1_191' title='bbox 289 2218 367 2294; x_wconf 89' lang='lat' dir='ltr'><strong>quod</strong></span> <span class='ocrx_word' id='word_1_192' title='bbox 378 2218 516 2294; x_wconf 90' lang='lat' dir='ltr'><strong>scriptum</strong></span> <span class='ocrx_word' id='word_1_193' title='bbox 527 2218 659 2294; x_wconf 89' lang='lat' dir='ltr'><strong>reliquit:</strong></span> <span class='ocrx_word' id='word_1_194' title='bbox 682 2218 858 2276; x_wconf 82' lang='lat' dir='ltr'><strong>“Chaldaeis</strong></span> <span class='ocrx_word' id='word_1_195' title='bbox 869 2220 899 2276; x_wconf 92' lang='lat' dir='ltr'><strong>iu</strong></span> <span class='ocrx_word' id='word_1_196' title='bbox 910 2239 989 2296; x_wconf 90' lang='lat' dir='ltr'><strong>prac-</strong></span> 
     </span>
     <span class='ocr_line' id='line_1_28' title="bbox 146 2297 988 2374; baseline 0 -20"><span class='ocrx_word' id='word_1_197' title='bbox 146 2297 273 2355; x_wconf 89' lang='lat' dir='ltr'><strong>dictione</strong></span> <span class='ocrx_word' id='word_1_198' title='bbox 289 2297 361 2354; x_wconf 89' lang='lat' dir='ltr'><strong>etin</strong></span> <span class='ocrx_word' id='word_1_199' title='bbox 378 2298 528 2355; x_wconf 87' lang='lat' dir='ltr'><strong>notatione</strong></span> <span class='ocrx_word' id='word_1_200' title='bbox 545 2299 682 2374; x_wconf 91' lang='lat' dir='ltr'><strong>cuiusque</strong></span> <span class='ocrx_word' id='word_1_201' title='bbox 696 2298 771 2356; x_wconf 90' lang='lat' dir='ltr'><strong>vitae</strong></span> <span class='ocrx_word' id='word_1_202' title='bbox 788 2317 822 2355; x_wconf 87' lang='lat' dir='ltr'><strong>ex</strong></span> <span class='ocrx_word' id='word_1_203' title='bbox 839 2299 927 2356; x_wconf 86' lang='lat' dir='ltr'><strong>natali</strong></span> <span class='ocrx_word' id='word_1_204' title='bbox 941 2299 988 2355; x_wconf 92' lang='lat' dir='ltr'><strong>die</strong></span> 
     </span>
     <span class='ocr_line' id='line_1_29' title="bbox 145 2377 989 2435; baseline 0 -2"><span class='ocrx_word' id='word_1_205' title='bbox 145 2377 266 2434; x_wconf 91' lang='lat' dir='ltr'><strong>minime</strong></span> <span class='ocrx_word' id='word_1_206' title='bbox 280 2396 340 2434; x_wconf 90' lang='lat' dir='ltr'><strong>esse</strong></span> <span class='ocrx_word' id='word_1_207' title='bbox 354 2377 556 2435; x_wconf 88' lang='lat' dir='ltr'><strong>credendum.&#39;’</strong></span> <span class='ocrx_word' id='word_1_208' title='bbox 595 2384 641 2434; x_wconf 86' lang='lat'><strong>88.</strong></span> <span class='ocrx_word' id='word_1_209' title='bbox 660 2377 800 2434; x_wconf 88' lang='lat' dir='ltr'><strong>Nominat</strong></span> <span class='ocrx_word' id='word_1_210' title='bbox 814 2379 900 2435; x_wconf 90' lang='lat' dir='ltr'><strong>etiam</strong></span> <span class='ocrx_word' id='word_1_211' title='bbox 915 2378 989 2435; x_wconf 91' lang='lat' dir='ltr'><strong>Pan-</strong></span> 
     </span>
     <span class='ocr_line' id='line_1_30' title="bbox 146 2456 989 2535; baseline 0 -21"><span class='ocrx_word' id='word_1_212' title='bbox 146 2457 246 2528; x_wconf 90' lang='lat' dir='ltr'><strong>aetius,</strong></span> <span class='ocrx_word' id='word_1_213' title='bbox 267 2458 317 2535; x_wconf 92' lang='lat' dir='ltr'><strong>qui</strong></span> <span class='ocrx_word' id='word_1_214' title='bbox 340 2476 415 2514; x_wconf 89' lang='lat' dir='ltr'><strong>nnus</strong></span> <span class='ocrx_word' id='word_1_215' title='bbox 438 2476 454 2514; x_wconf 91' lang='lat' dir='ltr'><strong>c</strong></span> <span class='ocrx_word' id='word_1_216' title='bbox 480 2457 585 2515; x_wconf 87' lang='lat' dir='ltr'><strong>Stoicis</strong></span> <span class='ocrx_word' id='word_1_217' title='bbox 609 2456 818 2532; x_wconf 85' lang='lat' dir='ltr'><strong>astrologorum</strong></span> <span class='ocrx_word' id='word_1_218' title='bbox 842 2458 989 2534; x_wconf 89' lang='lat' dir='ltr'><strong>praedicta</strong></span> 
     </span>
     <span class='ocr_line' id='line_1_31' title="bbox 146 2536 989 2607; baseline 0.001 -14"><span class='ocrx_word' id='word_1_219' title='bbox 146 2537 252 2606; x_wconf 87' lang='lat' dir='ltr'><strong>reiecit,</strong></span> <span class='ocrx_word' id='word_1_220' title='bbox 264 2536 437 2594; x_wconf 86' lang='lat' dir='ltr'><strong>Archelaum</strong></span> <span class='ocrx_word' id='word_1_221' title='bbox 458 2544 488 2595; x_wconf 91' lang='lat' dir='ltr'><strong>et</strong></span> <span class='ocrx_word' id='word_1_222' title='bbox 508 2536 708 2607; x_wconf 87' lang='lat' dir='ltr'><strong>Cassandrum,</strong></span> <span class='ocrx_word' id='word_1_223' title='bbox 724 2555 852 2593; x_wconf 90' lang='lat' dir='ltr'><strong>summos</strong></span> <span class='ocrx_word' id='word_1_224' title='bbox 872 2536 989 2594; x_wconf 91' lang='lat' dir='ltr'><strong>astrolo-</strong></span> 
     </span>
     <span class='ocr_line' id='line_1_32' title="bbox 146 2615 989 2694; baseline 0 -21"><span class='ocrx_word' id='word_1_225' title='bbox 146 2634 200 2692; x_wconf 89' lang='lat' dir='ltr'><strong>gos</strong></span> <span class='ocrx_word' id='word_1_226' title='bbox 210 2615 286 2674; x_wconf 89' lang='lat' dir='ltr'><strong>illius</strong></span> <span class='ocrx_word' id='word_1_227' title='bbox 299 2617 408 2688; x_wconf 85' lang='lat' dir='ltr'><strong>aetatis,</strong></span> <span class='ocrx_word' id='word_1_228' title='bbox 420 2636 476 2694; x_wconf 90' lang='lat' dir='ltr'><strong>qua</strong></span> <span class='ocrx_word' id='word_1_229' title='bbox 489 2624 550 2674; x_wconf 88' lang='lat' dir='ltr'><strong>erat</strong></span> <span class='ocrx_word' id='word_1_230' title='bbox 559 2617 629 2693; x_wconf 87' lang='lat' dir='ltr'><strong>ipse,</strong></span> <span class='ocrx_word' id='word_1_231' title='bbox 640 2635 705 2673; x_wconf 91' lang='lat' dir='ltr'><strong>cum</strong></span> <span class='ocrx_word' id='word_1_232' title='bbox 716 2615 746 2672; x_wconf 91' lang='lat' dir='ltr'><strong>in</strong></span> <span class='ocrx_word' id='word_1_233' title='bbox 758 2616 858 2674; x_wconf 87' lang='lat' dir='ltr'><strong>ceteris</strong></span> <span class='ocrx_word' id='word_1_234' title='bbox 872 2617 989 2674; x_wconf 87' lang='lat' dir='ltr'><strong>astrolo-</strong></span> 
     </span>
     <span class='ocr_line' id='line_1_33' title="bbox 146 2695 988 2774; baseline -0.002 -20"><span class='ocrx_word' id='word_1_235' title='bbox 146 2697 210 2772; x_wconf 85' lang='lat' dir='ltr'><strong>giae</strong></span> <span class='ocrx_word' id='word_1_236' title='bbox 219 2695 347 2774; x_wconf 90' lang='lat' dir='ltr'><strong>partibus</strong></span> <span class='ocrx_word' id='word_1_237' title='bbox 359 2696 596 2767; x_wconf 89' lang='lat' dir='ltr'><strong>excellerent,hoc</strong></span> <span class='ocrx_word' id='word_1_238' title='bbox 605 2696 808 2774; x_wconf 87' lang='lat' dir='ltr'><strong>praedictionis</strong></span> <span class='ocrx_word' id='word_1_239' title='bbox 817 2715 919 2772; x_wconf 86' lang='lat' dir='ltr'><strong>genere</strong></span> <span class='ocrx_word' id='word_1_240' title='bbox 929 2715 988 2753; x_wconf 90' lang='lat' dir='ltr'><strong>non</strong></span> 
     </span>
     <span class='ocr_line' id='line_1_34' title="bbox 147 2774 990 2853; baseline -0.001 -20"><span class='ocrx_word' id='word_1_241' title='bbox 147 2795 221 2833; x_wconf 89' lang='lat' dir='ltr'><strong>usos.</strong></span> <span class='ocrx_word' id='word_1_242' title='bbox 261 2775 363 2853; x_wconf 86' lang='lat' dir='ltr'><strong>Scylax</strong></span> <span class='ocrx_word' id='word_1_243' title='bbox 378 2774 618 2847; x_wconf 70' lang='lat' dir='ltr'><strong>Halicarnasseus</strong></span> <span class='ocrx_word' id='word_1_244' title='bbox 630 2775 780 2833; x_wconf 84' lang='lat' dir='ltr'><strong>familiaris</strong></span> <span class='ocrx_word' id='word_1_245' title='bbox 794 2776 933 2846; x_wconf 87' lang='lat' dir='ltr'><strong>Panaetii,</strong></span> <span class='ocrx_word' id='word_1_246' title='bbox 944 2795 990 2832; x_wconf 85' lang='lat' dir='ltr'><strong>ex·</strong></span> 
     </span>
     <span class='ocr_line' id='line_1_35' title="bbox 147 2855 988 2933; baseline 0.001 -22"><span class='ocrx_word' id='word_1_247' title='bbox 147 2855 250 2913; x_wconf 83' lang='lat' dir='ltr'><strong>cellans</strong></span> <span class='ocrx_word' id='word_1_248' title='bbox 263 2856 295 2912; x_wconf 89' lang='lat' dir='ltr'><strong>in</strong></span> <span class='ocrx_word' id='word_1_249' title='bbox 309 2855 463 2932; x_wconf 80' lang='lat' dir='ltr'><strong>astrologia</strong></span> <span class='ocrx_word' id='word_1_250' title='bbox 476 2857 610 2933; x_wconf 91' lang='lat' dir='ltr'><strong>idemque</strong></span> <span class='ocrx_word' id='word_1_251' title='bbox 623 2857 654 2913; x_wconf 92' lang='lat' dir='ltr'><strong>in</strong></span> <span class='ocrx_word' id='word_1_252' title='bbox 668 2856 794 2933; x_wconf 88' lang='lat' dir='ltr'><strong>regenda</strong></span> <span class='ocrx_word' id='word_1_253' title='bbox 809 2875 860 2913; x_wconf 89' lang='lat' dir='ltr'><strong>sua</strong></span> <span class='ocrx_word' id='word_1_254' title='bbox 874 2856 988 2913; x_wconf 87' lang='lat' dir='ltr'><strong>civitate</strong></span> 
     </span>
     <span class='ocr_line' id='line_1_36' title="bbox 146 2935 989 3014; baseline 0 -23"><span class='ocrx_word' id='word_1_255' title='bbox 146 2936 287 3014; x_wconf 87' lang='lat' dir='ltr'><strong>princeps,</strong></span> <span class='ocrx_word' id='word_1_256' title='bbox 303 2943 398 2993; x_wconf 88' lang='lat' dir='ltr'><strong>totum</strong></span> <span class='ocrx_word' id='word_1_257' title='bbox 414 2936 470 2993; x_wconf 93' lang='lat' dir='ltr'><strong>hoc</strong></span> <span class='ocrx_word' id='word_1_258' title='bbox 492 2935 677 2993; x_wconf 90' lang='lat' dir='ltr'><strong>Chaldaicum</strong></span> <span class='ocrx_word' id='word_1_259' title='bbox 698 2936 882 3012; x_wconf 89' lang='lat' dir='ltr'><strong>praedicendi</strong></span> <span class='ocrx_word' id='word_1_260' title='bbox 898 2954 989 3012; x_wconf 85' lang='lat' dir='ltr'><strong>genus</strong></span> 
     </span>
     <span class='ocr_line' id='line_1_37' title="bbox 146 3014 989 3093; baseline 0 -23"><span class='ocrx_word' id='word_1_261' title='bbox 146 3015 315 3093; x_wconf 83' lang='lat' dir='ltr'><strong>repudiavit.</strong></span> <span class='ocrx_word' id='word_1_262' title='bbox 352 3021 398 3073; x_wconf 83' lang='lat'><strong>89.</strong></span> <span class='ocrx_word' id='word_1_263' title='bbox 411 3014 476 3086; x_wconf 84' lang='lat' dir='ltr'><strong>Sed,</strong></span> <span class='ocrx_word' id='word_1_264' title='bbox 486 3023 520 3072; x_wconf 88' lang='lat' dir='ltr'><strong>ut</strong></span> <span class='ocrx_word' id='word_1_265' title='bbox 529 3017 640 3073; x_wconf 89' lang='lat' dir='ltr'><strong>ratione</strong></span> <span class='ocrx_word' id='word_1_266' title='bbox 655 3022 777 3086; x_wconf 91' lang='lat' dir='ltr'><strong>utamur,</strong></span> <span class='ocrx_word' id='word_1_267' title='bbox 788 3015 900 3073; x_wconf 91' lang='lat' dir='ltr'><strong>omissis</strong></span> <span class='ocrx_word' id='word_1_268' title='bbox 910 3014 989 3071; x_wconf 90' lang='lat' dir='ltr'><strong>testi-</strong></span> 
     </span>
     <span class='ocr_line' id='line_1_38' title="bbox 146 3093 989 3174; baseline -0.002 -23"><span class='ocrx_word' id='word_1_269' title='bbox 146 3094 209 3167; x_wconf 88' lang='lat' dir='ltr'><strong>bus,</strong></span> <span class='ocrx_word' id='word_1_270' title='bbox 225 3096 265 3152; x_wconf 88' lang='lat' dir='ltr'><strong>sie</strong></span> <span class='ocrx_word' id='word_1_271' title='bbox 279 3095 328 3153; x_wconf 93' lang='lat' dir='ltr'><strong>isti</strong></span> <span class='ocrx_word' id='word_1_272' title='bbox 344 3095 501 3172; x_wconf 89' lang='lat' dir='ltr'><strong>disputant,</strong></span> <span class='ocrx_word' id='word_1_273' title='bbox 514 3099 564 3174; x_wconf 85' lang='lat' dir='ltr'><strong>qui</strong></span> <span class='ocrx_word' id='word_1_274' title='bbox 578 3096 648 3154; x_wconf 89' lang='lat' dir='ltr'><strong>haec</strong></span> <span class='ocrx_word' id='word_1_275' title='bbox 665 3095 873 3154; x_wconf 88' lang='lat' dir='ltr'><strong>Chaldaeorum</strong></span> <span class='ocrx_word' id='word_1_276' title='bbox 890 3093 989 3152; x_wconf 87' lang='lat' dir='ltr'><strong>natali·</strong></span> 
     </span>
     <span class='ocr_line' id='line_1_39' title="bbox 147 3174 988 3254; baseline -0.005 -22"><span class='ocrx_word' id='word_1_277' title='bbox 147 3175 192 3233; x_wconf 89' lang='lat' dir='ltr'><strong>cia</strong></span> <span class='ocrx_word' id='word_1_278' title='bbox 207 3175 354 3252; x_wconf 84' lang='lat' dir='ltr'><strong>praedicta</strong></span> <span class='ocrx_word' id='word_1_279' title='bbox 370 3175 537 3235; x_wconf 86' lang='lat' dir='ltr'><strong>defendunt.</strong></span> <span class='ocrx_word' id='word_1_280' title='bbox 580 3176 650 3234; x_wconf 86' lang='lat' dir='ltr'><strong>Vim</strong></span> <span class='ocrx_word' id='word_1_281' title='bbox 668 3175 811 3254; x_wconf 90' lang='lat' dir='ltr'><strong>quandam</strong></span> <span class='ocrx_word' id='word_1_282' title='bbox 828 3194 889 3233; x_wconf 86' lang='lat' dir='ltr'><strong>esse</strong></span> <span class='ocrx_word' id='word_1_283' title='bbox 908 3174 988 3231; x_wconf 90' lang='lat' dir='ltr'><strong>aiunt</strong></span> 
     </span>
    </p>
   </div>
   <div class='ocr_carea' id='block_1_3' title="bbox 0 0 1121 3446">
    <p class='ocr_par' dir='ltr' id='par_1_4' title="bbox 0 0 1121 3446">
     <span class='ocr_line' id='line_1_40' title="bbox 0 0 1121 3446; baseline 0 0"><span class='ocrx_word' id='word_1_284' title='bbox 0 0 1121 3446; x_wconf 95' lang='lat' dir='ltr'><strong> </strong></span> 
     </span>
    </p>
   </div>
  </div>
 </body>
</html>
