2242 3436
310 107 379 156 LlB.
395 107 427 167 L,
445 105 524 156 CAP.
539 104 721 167 X11.-xv.‚§
734 108 823 156 20-26.
942 110 990 155 155

148 207 279 265 maclram
294 207 381 264 Ennii
395 207 431 264 ab
448 226 482 264 ea
495 225 579 283 posse
593 206 734 264 describit
772 207 912 284 Fingebat
926 207 990 265 Oar-

148 288 252 345 ueades
265 289 296 343 in
310 287 450 344 Chiorum
464 287 626 365 lapicidinis
640 306 708 344 saxo
723 285 830 345 diffisso
846 295 932 366 caput
945 308 991 345 ex·

148 369 254 425 stitisse
271 367 403 425 Panisci:
421 367 506 424 credo
523 367 648 445 aliquam
665 387 724 424 nou
738 367 905 425 dissimilem
920 367 991 444 figu-

148 467 218 520 ram,
230 448 280 505 sed
295 456 370 505 certe
384 466 443 504 non
456 447 553 519 talem,
567 454 598 506 ut
612 467 673 505 eam
689 448 796 505 factam
811 468 828 504 a
842 448 936 525 Scopa
949 448 991 505 di·

148 547 233 585 ceres,
276 527 324 584 Sic
338 528 415 584 onim
430 547 460 584 se
474 528 606 605 profecto
620 547 664 586 res
678 528 773 600 habet,
786 536 818 585 ut
832 547 990 606 numquam

149 608 277 684 perfecte
291 608 440 665 veritatem
454 627 535 664 casus
549 608 686 665 imitetur.

148 725 151 732 s
189 687 272 746 XIV.
316 693 361 745 24.
384 687 426 744 At
443 706 501 744 non
520 706 677 765 numquam
696 707 737 760 ea,
753 707 825 765 quae
845 687 992 765 praedicta

148 775 224 838 suut,
240 767 335 824 minus
352 767 494 825 eveniunt.
536 766 616 836 Quae
633 768 749 826 tandem
765 768 796 825 id
810 788 854 825 ars
870 787 929 825 non
944 767 992 824 ha-

148 848 215 905 betl
231 867 327 926 earum
342 847 407 904 dico
422 847 536 920 artium,
549 866 621 924 quae
635 847 797 906 coniectura
808 849 992 906 continentur

148 935 179 985 ct
199 935 266 984 sunt
287 927 453 1004 opinabiles.
496 927 544 984 Au
564 928 707 986 medicina
727 947 772 985 ars
788 947 846 985 uon
863 928 992 1005 putanda

148 1009 211 1065 estl
232 1027 316 1084 quam
334 1014 431 1064 tamen
446 1007 537 1065 multa
550 1007 663 1065 fallunt.
705 1007 801 1076 Quid?
821 1008 993 1085 gubernato-

148 1105 302 1145 rcsnoune
312 1087 470 1145 fallunturl
506 1089 555 1144 An
567 1087 745 1145 Achivorum
757 1089 895 1146 exercitus
907 1096 936 1145 et
947 1093 992 1145 tot

148 1168 266 1224 navium
280 1174 403 1224 rectores
417 1187 475 1225 non
490 1167 532 1225 ita
544 1167 668 1244 profecti
683 1175 750 1225 suut
764 1168 800 1224 ab
811 1167 874 1239 llio,
887 1176 919 1224 ut
925 1187 993 1241 pro-

150 1249 274 1322 fectione
295 1248 363 1304 lacti
377 1249 504 1320 piscium
526 1248 674 1304 lasciviam
691 1249 878 1319 intuerentur,
893 1255 926 1305 ut
951 1248 992 1304 ait

149 1329 301 1399 Pacuvius
313 1344 364 1384 aec
380 1328 478 1384 tuendi
492 1329 608 1384 satietas
621 1343 719 1400 cupere
728 1327 845 1400 posset?

151 1461 251 1508 Interea
261 1474 336 1522 prope
348 1459 398 1508 ium
410 1459 539 1508 occidente
551 1458 601 1507 sole
613 1457 759 1506 inhorrescit
770 1473 846 1518 mare,

149 1524 992 1588 'l'ouebraeconduplicauturnoctisqueetnimbumoccscoatnigror.

150 1647 229 1704 Num
245 1645 334 1722 igitur
348 1653 393 1704 tot
406 1645 625 1703 clarissimorum
639 1644 745 1702 ducum
755 1664 913 1722 regumque
926 1665 994 1703 nau-

150 1727 276 1804 fragium
291 1726 406 1783 sustulit
420 1734 509 1783 artem
521 1725 716 1803 gubernandil
733 1732 783 1782 aut
794 1745 863 1783 num
874 1726 994 1803 impera-

150 1817 246 1865 torum
265 1807 384 1864 scientia
400 1805 473 1863 nihil
487 1813 537 1877 est,
551 1805 618 1882 quia
632 1825 761 1863 summus
774 1806 931 1883 imperator
944 1827 995 1864 nu·

149 1887 297 1964 perfugit
314 1887 418 1943 amisso
434 1886 577 1943 exercitu?
598 1893 648 1943 aut
664 1905 735 1943 num
749 1894 901 1964 propterca
916 1887 995 1945 nulla

152 1975 196 2025 est
209 1968 250 2024 rei
264 1966 395 2043 publicae
410 1965 551 2043 gerendae
565 1966 637 2023 ratio
655 1973 740 2044 atque
755 1967 915 2043 prudentia,
928 1969 995 2044 quia

150 2047 244 2105 multa
271 2046 324 2104 Cn.
343 2046 525 2122 Pompeium,
544 2045 683 2122 quaedam
709 2046 747 2104 M.
768 2046 918 2120 Catonem,
935 2068 995 2105 non

151 2127 230 2184 nulla
246 2127 331 2184 etiam
350 2133 380 2183 te
396 2127 492 2203 ipsum
508 2125 690 2184 fefellemutl
732 2126 840 2184 Similis
857 2136 900 2185 cst
915 2128 996 2184 haru-

152 2208 263 2285 spicum
274 2206 423 2282 responsio
434 2206 585 2282 omnisque
596 2206 749 2282 opinabilis
760 2207 912 2265 divinatio:
930 2228 995 2265 con-

151 2288 261 2345 iectura
281 2287 358 2344 enim
380 2286 490 2358 nititur,
507 2285 582 2343 ultra
603 2305 689 2363 quam
705 2287 841 2363 progredi
857 2306 916 2345 non
933 2297 996 2364 pot-

153 2375 204 2424 est.
247 2372 294 2424 25.
313 2366 355 2422 Ea
365 2365 440 2423 fallit
453 2366 575 2423 fortasse
589 2385 649 2423 non
659 2384 825 2442 numquam,
838 2367 888 2424 sed
899 2374 996 2425 tamen

153 2448 190 2504 ad
204 2446 354 2504 veritatem
369 2445 533 2522 saepissime
549 2446 662 2523 derigit.
704 2446 757 2503 Est
771 2447 848 2503 enim
862 2447 898 2504 ab
916 2449 997 2506 omni

152 2526 321 2585 aeternitate
339 2526 513 2603 repetita-in
529 2545 585 2603 qua
598 2545 664 2583 cum
678 2544 768 2602 paene
785 2526 997 2584 innumerabili·

152 2615 197 2665 ter
209 2626 255 2664 res
269 2606 371 2664 eodem
383 2606 470 2663 modo
485 2607 631 2663 evenirent
641 2606 743 2663 iisdem
755 2605 845 2682 signis
856 2613 997 2684 antegres

153 2688 200 2756 sis,
219 2706 264 2744 ars
285 2693 329 2743 est
349 2686 452 2743 effecta
472 2686 572 2744 eadem
589 2705 672 2763 saepe
693 2685 947 2744 animadvertendo
965 2706 997 2744 ac

152 2766 290 2825 notando.

196 2846 263 2904 XV.
287 2845 426 2922 Auspicia
447 2864 514 2903 vero
535 2852 629 2903 vestra
650 2865 735 2923 quam
757 2846 902 2904 constant!
924 2865 997 2923 quac

154 2927 272 3004 quidem
284 2945 360 2983 nunc
371 2945 388 2982 a
398 2925 536 2983 Romanis
547 2925 702 3001 auguribus
713 2926 997 3002 ignorantur—bona

153 3007 210 3064 hoc
228 3014 278 3063 tua
294 3006 378 3064 venia
391 3004 570 3063 dixerim-a
584 3004 729 3075 Cilicibus,
745 3005 934 3081 Pamphyliis,
950 3006 996 3062 Pi-

154 3087 234 3157 sidis,
250 3085 346 3163 Lyciis
361 3092 501 3143 tenentur.
545 3090 592 3141 26.
615 3085 690 3141 Nam
706 3084 775 3161 quid
786 3103 840 3160 ego
851 3084 995 3162 hospitem

154 3174 296 3238 nostrum,
308 3165 496 3224 clarissimum
510 3171 596 3242 atque
610 3164 753 3242 optimum
768 3164 869 3236 virum,
880 3165 996 3222 Deiota·
