2242 3436
131 117 178 164 138
352 115 400 164 nn
417 115 567 165 NATURA
583 115 743 166 DEORUM.

130 217 172 274 At
183 215 261 294 quod
272 215 358 287 dives,
370 215 448 293 quod
461 215 627 287 honoratus,
637 216 717 293 quod
728 215 889 275 incolumis.
927 217 972 276 Io-

130 315 250 373 vemque
265 295 409 372 optimum
423 301 452 352 et
464 295 624 352 maximum
639 296 676 354 ob
691 315 738 354 eas
754 316 799 354 res
816 296 970 373 appellant,

129 395 188 432 non
212 374 289 452 quod
311 394 364 431 nos
385 375 485 444 iustos,
500 380 682 452 temperatos,
695 377 837 452 sapientes
858 375 970 449 efficiat,

130 456 180 512 sed
197 455 275 532 quod
292 454 391 525 salvos,
401 453 567 526 incolumes,
577 455 736 531 opulentos
746 457 886 532 copiosos.
924 463 970 514 88.

129 534 231 612 Neque
248 533 365 591 Herculi
387 535 537 611 quisquam
559 534 709 592 decumam
726 538 806 593 vovit
822 556 969 614 umquam,

130 615 154 671 si
165 615 276 692 sapiens
287 614 380 671 factus
394 621 474 671 esset.
509 613 688 691 Quamquam
705 615 894 692 Pythagoras,
904 635 971 674 eum

129 694 159 750 in
176 693 333 770 geometria
350 693 487 770 quiddam
504 695 573 750 novi
586 693 748 765 invenisset,
759 694 850 752 Musis
866 695 971 753 bovem

128 772 292 830 immolasse
313 773 434 830 dieitur:
456 773 505 830 sed
526 773 558 830 id
579 773 694 851 quidem
716 792 775 830 non
796 775 971 853 credeque

129 854 206 910 niam
224 852 271 910 ille
291 871 327 910 ne
344 852 474 929 Apollini
492 853 609 930 quidem
625 852 711 910 Delio
728 853 852 910 hostiam
869 855 972 912 immo-

63 943 64 946 ’
129 931 186 989 lare
203 931 302 1004 voluit,
314 952 350 990 ne
371 952 447 990 aram
469 933 607 1009 sanguine
628 940 797 1009 aspergeret
840 934 889 992 Ad
909 955 971 992 rem

130 1019 225 1069 antem
243 1017 276 1068 ut
292 1012 414 1082 redeam,
426 1012 564 1070 iudicium
580 1012 636 1070 hoc
654 1013 784 1070 omnium
804 1014 971 1072 mortalium

130 1098 180 1161 est,
193 1092 338 1149 fortunam
360 1111 377 1149 a
393 1092 447 1150 deo
464 1091 656 1168 petendam,a
672 1111 701 1149 se
716 1093 780 1169 ipso
802 1094 970 1151 sumendam

130 1190 190 1229 csse
213 1172 390 1248 sapientiam.
439 1170 576 1240 Quamvis
598 1171 666 1229 licet
687 1171 778 1229 Menti
801 1172 919 1230 delubra
941 1181 971 1230 et

131 1250 240 1308 Virtuti
262 1258 291 1308 et
314 1252 393 1309 Fidei
410 1270 614 1322 consecremus,
629 1259 725 1309 tamen
744 1251 815 1309 haec
834 1253 864 1308 in
886 1253 971 1310 nobis

129 1330 199 1407 ipsis
218 1331 273 1388 sita
289 1331 435 1388 videmus:
458 1330 534 1408 Spei,
547 1330 661 1402 Salutis,
674 1331 754 1408 Opis,
765 1332 912 1390 Victoriae
928 1334 972 1390 fa-

129 1411 219 1468 cultas
233 1411 308 1468 adis
322 1409 481 1488 expetenda
495 1417 545 1468 est.
588 1410 789 1487 Improborum
804 1412 893 1488 igitur
906 1432 972 1489 pro-

130 1491 277 1567 speritates
287 1491 481 1568 secundaeque
490 1509 534 1548 res
542 1490 724 1567 redarguunt,
733 1490 920 1567 utDiogenes
929 1493 971 1548 di-

129 1571 284 1640 eebat,vim
293 1589 408 1628 omnem
418 1571 538 1628 deorum
549 1589 581 1627 ac
590 1577 770 1646 potestatem.
807 1571 971 1630 XXXVII·

131 1655 176 1708 89.
188 1650 231 1708 At
241 1669 299 1707 non
311 1669 466 1727 numquam
476 1649 568 1708 bonos
579 1651 671 1707 exitus
680 1649 872 1709 habentboui.
911 1651 970 1708 Eos

130 1730 246 1806 quidem
268 1729 424 1805 adripimus
445 1730 684 1807 attribuimnsque
706 1731 766 1787 sine
786 1730 842 1788 ulla
858 1731 970 1788 ratione

130 1810 175 1866 dis
189 1809 405 1866 immortalibus
448 1810 490 1866 At
503 1809 652 1886 Diagoras,
663 1829 727 1866 curn
743 1809 970 1868 Samothraciam

129 1889 260 1957 venisset,
271 1888 382 1946 Atheos
392 1888 440 1946 ille
451 1889 500 1966 qui
512 1889 624 1959 dicitur,
634 1896 720 1967 atque
731 1891 757 1946 ei
769 1890 886 1965 quidam
901 1891 971 1948 ami·

130 1987 195 2026 cus:
219 1968 297 2036 “Tu‚
311 1969 361 2044 qui
378 1969 446 2027 deos
463 1976 547 2045 putas
564 1969 689 2026 humana
704 1969 862 2046 neglegere,
872 1989 970 2027 nonne

130 2047 331 2105 animadvertis
350 2068 384 2106 ex
401 2055 446 2106 tot
462 2048 567 2105 tabulis
583 2049 669 2125 pictis
686 2067 771 2125 qnam
792 2049 876 2106 multi
895 2051 971 2106 votis

129 2127 186 2184 vim
202 2129 381 2204 tempestatis
396 2129 549 2204 effugerint
563 2129 593 2185 in
607 2135 779 2205 portumque
795 2128 862 2184 salvi
873 2147 971 2206 perve-

102 2229 104 2232 ·
129 2207 261 2264 nerintt'’
297 2206 557 2284 “Itafit”inquit:
580 2207 598 2237 “
608 2207 648 2264 illi
658 2208 734 2265 enim
746 2227 886 2285 nusquam
896 2209 971 2284 picti

129 2294 203 2358 sunt,
217 2287 266 2364 qui
285 2288 436 2364 naufragia
452 2287 583 2344 fecerunt
599 2287 629 2343 in
650 2287 779 2364 marique
795 2287 969 2365 perierunt.”

129 2366 275 2444 Idemque,
286 2387 351 2425 oum
363 2368 390 2425 ei
398 2367 545 2443 naviganti
554 2372 681 2424 vectores
691 2367 809 2424 adversa
819 2374 972 2444 tempesta-

128 2454 157 2505 te
168 2447 265 2505 timidi
275 2454 304 2505 et
313 2447 455 2522 perterriti
465 2447 592 2504 dicerent
602 2465 660 2503 non
670 2445 774 2504 iniuria
784 2447 839 2504 sibi
847 2447 972 2505 illudae-

129 2525 231 2596 eidere,
244 2527 294 2602 qui
307 2527 390 2584 illum
404 2527 435 2584 in
449 2524 567 2583 candem
575 2545 676 2583 navem
686 2527 866 2604 recepissent,
877 2533 973 2584 osten-

128 2605 173 2662 dit
189 2607 229 2663 eis
246 2607 276 2662 in
293 2606 395 2662 eodem
412 2623 494 2663 eursu
511 2605 616 2663 multas
630 2606 698 2663 alias
712 2606 873 2665 laborantes
887 2615 972 2684 quae-

129 2685 251 2761 sivitque
265 2704 335 2741 num
350 2685 435 2742 etiam
450 2686 526 2742 iniis
540 2685 660 2743 navibus
670 2685 827 2763 Diagoram
836 2686 902 2744 vehi
913 2705 972 2744 ere-

129 2763 236 2820 derent.
279 2763 326 2820 Sic
342 2765 417 2821 enim
434 2784 478 2822 res
496 2786 525 2824 se
539 2765 633 2838 habet,
644 2775 677 2823 ut
691 2767 728 2823 ad
742 2786 907 2844 prosperam
922 2767 972 2823 ad-

128 2861 273 2899 versamve
289 2843 435 2900 fortunam
457 2845 547 2921 qualis
568 2846 606 2902 sis
626 2853 676 2904 aut
693 2865 778 2922 quern
795 2847 971 2903 admodum

129 2921 233 2978 vixeris
243 2920 315 2977 nihil
326 2921 445 2980 intersit.
478 2930 524 2981 90.
537 2925 603 2982 Nou
615 2927 854 2997 animadvertunt,
863 2927 970 3003 inquit,

130 3000 228 3057 omnia
245 3000 283 3069 di,
295 3019 330 3056 ne
349 3020 429 3076 reges
447 3003 570 3079 quidem.
613 3005 690 3074 Quid
707 3013 750 3063 cst
767 3005 875 3064 similet
917 3006 972 3064 ae-

129 3098 180 3154 ges
195 3078 270 3135 enim
286 3079 310 3134 si
321 3079 441 3138 seientes
451 3084 690 3158 praetermittunt,
701 3105 806 3162 magua
819 3085 904 3163 culpa
917 3095 970 3145 est

129 3157 304 3216 XXXVIII.
320 3159 362 3217 At
378 3159 432 3217 deo
449 3180 485 3218 ne
501 3164 644 3220 excusatio
660 3164 776 3238 quidem
794 3173 836 3224 est
850 3167 972 3223 inscien-
