<?xml version="1.0" encoding="UTF-8"?>
<!DOCTYPE html PUBLIC "-//W3C//DTD XHTML 1.0 Transitional//EN"
    "http://www.w3.org/TR/xhtml1/DTD/xhtml1-transitional.dtd">
<html xmlns="http://www.w3.org/1999/xhtml" xml:lang="en" lang="en">
 <head>
  <title>
</title>
<meta http-equiv="Content-Type" content="text/html;charset=utf-8" />
  <meta name='ocr-system' content='tesseract 3.04.00' />
  <meta name='ocr-capabilities' content='ocr_page ocr_carea ocr_par ocr_line ocrx_word'/>
</head>
<body>
  <div class='ocr_page' id='page_1' title='image "./mtulliiciceroni106cicegoog/mtulliiciceroni106cicegoog_0134.png"; bbox 0 0 2242 3436; ppageno 0'>
   <div class='ocr_carea' id='block_1_1' title="bbox 281 126 988 188">
    <p class='ocr_par' dir='ltr' id='par_1_1' title="bbox 281 126 988 188">
     <span class='ocr_line' id='line_1_1' title="bbox 281 126 988 188; baseline 0.006 -13"><span class='ocrx_word' id='word_1_1' title='bbox 281 127 351 176; x_wconf 88' lang='lat' dir='ltr'><strong>LIB.</strong></span> <span class='ocrx_word' id='word_1_2' title='bbox 362 127 425 188; x_wconf 90' lang='grc' dir='ltr'>ΠΙ.,</span> <span class='ocrx_word' id='word_1_3' title='bbox 436 127 515 176; x_wconf 89' lang='lat' dir='ltr'><strong>CAP.</strong></span> <span class='ocrx_word' id='word_1_4' title='bbox 526 127 722 188; x_wconf 89' lang='lat' dir='ltr'><strong>XVIl.-XIX.‚</strong></span> <span class='ocrx_word' id='word_1_5' title='bbox 734 126 749 186; x_wconf 60' lang='grc' dir='ltr'>ἃ</span> <span class='ocrx_word' id='word_1_6' title='bbox 762 129 852 178; x_wconf 83' lang='grc'><strong>43-49.</strong></span> <span class='ocrx_word' id='word_1_7' title='bbox 941 133 988 180; x_wconf 80' lang='lat'><strong>123</strong></span> 
     </span>
    </p>
   </div>
   <div class='ocr_carea' id='block_1_2' title="bbox 142 227 988 3251">
    <p class='ocr_par' dir='ltr' id='par_1_2' title="bbox 142 227 988 3251">
     <span class='ocr_line' id='line_1_2' title="bbox 147 227 988 304; baseline 0.004 -18"><span class='ocrx_word' id='word_1_8' title='bbox 147 228 387 286; x_wconf 79' lang='lat' dir='ltr'><strong>mortalitatibus:</strong></span> <span class='ocrx_word' id='word_1_9' title='bbox 410 229 487 304; x_wconf 92' lang='lat' dir='ltr'><strong>qnod</strong></span> <span class='ocrx_word' id='word_1_10' title='bbox 498 235 530 285; x_wconf 88' lang='lat' dir='ltr'><strong>tu</strong></span> <span class='ocrx_word' id='word_1_11' title='bbox 546 247 667 304; x_wconf 89' lang='lat' dir='ltr'><strong>quoque,</strong></span> <span class='ocrx_word' id='word_1_12' title='bbox 678 227 776 301; x_wconf 85' lang='lat' dir='ltr'><strong>Balbe,</strong></span> <span class='ocrx_word' id='word_1_13' title='bbox 787 230 864 286; x_wconf 92' lang='lat' dir='ltr'><strong>visus</strong></span> <span class='ocrx_word' id='word_1_14' title='bbox 874 249 904 287; x_wconf 89' lang='lat' dir='ltr'><strong>es</strong></span> <span class='ocrx_word' id='word_1_15' title='bbox 914 231 988 289; x_wconf 90' lang='lat' dir='ltr'><strong>dice·</strong></span> 
     </span>
     <span class='ocr_line' id='line_1_3' title="bbox 142 307 988 388; baseline 0.009 -27"><span class='ocrx_word' id='word_1_16' title='bbox 142 327 186 366; x_wconf 85' lang='lat' dir='ltr'><strong>re.</strong></span> <span class='ocrx_word' id='word_1_17' title='bbox 229 308 293 376; x_wconf 80' lang='lat' dir='ltr'><strong>Quo</strong></span> <span class='ocrx_word' id='word_1_18' title='bbox 312 307 400 364; x_wconf 91' lang='lat' dir='ltr'><strong>modo</strong></span> <span class='ocrx_word' id='word_1_19' title='bbox 417 313 514 365; x_wconf 83' lang='lat' dir='ltr'><strong>autem</strong></span> <span class='ocrx_word' id='word_1_20' title='bbox 530 315 621 384; x_wconf 90' lang='lat' dir='ltr'><strong>potes,</strong></span> <span class='ocrx_word' id='word_1_21' title='bbox 638 308 662 364; x_wconf 89' lang='lat' dir='ltr'><strong>si</strong></span> <span class='ocrx_word' id='word_1_22' title='bbox 680 307 820 366; x_wconf 82' lang='lat' dir='ltr'><strong>Latonam</strong></span> <span class='ocrx_word' id='word_1_23' title='bbox 838 309 921 367; x_wconf 86' lang='lat' dir='ltr'><strong>deam</strong></span> <span class='ocrx_word' id='word_1_24' title='bbox 937 330 988 388; x_wconf 91' lang='lat' dir='ltr'><strong>pu-</strong></span> 
     </span>
     <span class='ocr_line' id='line_1_4' title="bbox 147 388 988 464; baseline 0.002 -19"><span class='ocrx_word' id='word_1_25' title='bbox 147 395 200 458; x_wconf 90' lang='lat' dir='ltr'><strong>tas,</strong></span> <span class='ocrx_word' id='word_1_26' title='bbox 216 388 356 445; x_wconf 87' lang='lat' dir='ltr'><strong>Hecatam</strong></span> <span class='ocrx_word' id='word_1_27' title='bbox 373 406 432 444; x_wconf 90' lang='lat' dir='ltr'><strong>non</strong></span> <span class='ocrx_word' id='word_1_28' title='bbox 446 393 555 463; x_wconf 83' lang='lat' dir='ltr'><strong>putare,</strong></span> <span class='ocrx_word' id='word_1_29' title='bbox 568 407 640 464; x_wconf 89' lang='lat' dir='ltr'><strong>quae</strong></span> <span class='ocrx_word' id='word_1_30' title='bbox 653 394 745 445; x_wconf 88' lang='lat' dir='ltr'><strong>matre</strong></span> <span class='ocrx_word' id='word_1_31' title='bbox 759 388 874 446; x_wconf 82' lang='lat' dir='ltr'><strong>Asteria</strong></span> <span class='ocrx_word' id='word_1_32' title='bbox 888 397 931 446; x_wconf 87' lang='lat' dir='ltr'><strong>est</strong></span> <span class='ocrx_word' id='word_1_33' title='bbox 945 410 988 448; x_wconf 90' lang='lat' dir='ltr'><strong>so·</strong></span> 
     </span>
     <span class='ocr_line' id='line_1_5' title="bbox 147 465 987 544; baseline 0.002 -20"><span class='ocrx_word' id='word_1_34' title='bbox 147 487 210 524; x_wconf 88' lang='lat' dir='ltr'><strong>rore</strong></span> <span class='ocrx_word' id='word_1_35' title='bbox 225 467 368 524; x_wconf 85' lang='lat' dir='ltr'><strong>Latonael</strong></span> <span class='ocrx_word' id='word_1_36' title='bbox 407 468 456 523; x_wconf 91' lang='lat' dir='ltr'><strong>An</strong></span> <span class='ocrx_word' id='word_1_37' title='bbox 470 465 540 524; x_wconf 89' lang='lat' dir='ltr'><strong>haec</strong></span> <span class='ocrx_word' id='word_1_38' title='bbox 555 486 668 544; x_wconf 91' lang='lat' dir='ltr'><strong>quoque</strong></span> <span class='ocrx_word' id='word_1_39' title='bbox 683 467 736 524; x_wconf 90' lang='lat' dir='ltr'><strong>dea</strong></span> <span class='ocrx_word' id='word_1_40' title='bbox 750 469 811 525; x_wconf 84' lang='lat' dir='ltr'><strong>estl</strong></span> <span class='ocrx_word' id='word_1_41' title='bbox 852 469 987 527; x_wconf 88' lang='lat' dir='ltr'><strong>Vidimus</strong></span> 
     </span>
     <span class='ocr_line' id='line_1_6' title="bbox 147 546 988 621; baseline 0.002 -17"><span class='ocrx_word' id='word_1_42' title='bbox 147 547 224 604; x_wconf 89' lang='lat' dir='ltr'><strong>enim</strong></span> <span class='ocrx_word' id='word_1_43' title='bbox 242 547 303 604; x_wconf 89' lang='lat' dir='ltr'><strong>eius</strong></span> <span class='ocrx_word' id='word_1_44' title='bbox 318 565 380 603; x_wconf 87' lang='lat' dir='ltr'><strong>aras</strong></span> <span class='ocrx_word' id='word_1_45' title='bbox 396 546 568 621; x_wconf 83' lang='lat' dir='ltr'>delubraque</span> <span class='ocrx_word' id='word_1_46' title='bbox 585 547 616 604; x_wconf 94' lang='lat' dir='ltr'><strong>in</strong></span> <span class='ocrx_word' id='word_1_47' title='bbox 632 546 767 604; x_wconf 81' lang='lat' dir='ltr'><strong>Graecia:</strong></span> <span class='ocrx_word' id='word_1_48' title='bbox 790 548 833 605; x_wconf 91' lang='lat' dir='ltr'><strong>sin</strong></span> <span class='ocrx_word' id='word_1_49' title='bbox 847 548 917 606; x_wconf 91' lang='lat' dir='ltr'><strong>haec</strong></span> <span class='ocrx_word' id='word_1_50' title='bbox 934 550 988 606; x_wconf 90' lang='lat' dir='ltr'><strong>dea</strong></span> 
     </span>
     <span class='ocr_line' id='line_1_7' title="bbox 146 625 987 704; baseline 0.001 -21"><span class='ocrx_word' id='word_1_51' title='bbox 146 634 198 697; x_wconf 89' lang='lat' dir='ltr'><strong>est,</strong></span> <span class='ocrx_word' id='word_1_52' title='bbox 211 645 261 683; x_wconf 89' lang='lat' dir='ltr'><strong>cur</strong></span> <span class='ocrx_word' id='word_1_53' title='bbox 274 645 332 682; x_wconf 91' lang='lat' dir='ltr'><strong>non</strong></span> <span class='ocrx_word' id='word_1_54' title='bbox 347 625 538 684; x_wconf 86' lang='lat' dir='ltr'><strong>Eumenidesl</strong></span> <span class='ocrx_word' id='word_1_55' title='bbox 570 625 649 694; x_wconf 81' lang='lat' dir='ltr'><strong>Quae</strong></span> <span class='ocrx_word' id='word_1_56' title='bbox 664 627 689 683; x_wconf 91' lang='lat' dir='ltr'><strong>si</strong></span> <span class='ocrx_word' id='word_1_57' title='bbox 702 627 772 684; x_wconf 86' lang='lat' dir='ltr'><strong>deae</strong></span> <span class='ocrx_word' id='word_1_58' title='bbox 786 635 853 685; x_wconf 91' lang='lat' dir='ltr'><strong>sunt</strong></span> <span class='ocrx_word' id='word_1_59' title='bbox 867 647 987 704; x_wconf 87' lang='lat' dir='ltr'><strong>quarum</strong></span> 
     </span>
     <span class='ocr_line' id='line_1_8' title="bbox 146 705 985 785; baseline 0.001 -22"><span class='ocrx_word' id='word_1_60' title='bbox 146 713 176 763; x_wconf 86' lang='lat' dir='ltr'><strong>et</strong></span> <span class='ocrx_word' id='word_1_61' title='bbox 190 705 314 763; x_wconf 85' lang='lat' dir='ltr'><strong>Athenis</strong></span> <span class='ocrx_word' id='word_1_62' title='bbox 327 706 428 762; x_wconf 87' lang='lat' dir='ltr'><strong>fanum</strong></span> <span class='ocrx_word' id='word_1_63' title='bbox 442 712 486 763; x_wconf 89' lang='lat' dir='ltr'><strong>est</strong></span> <span class='ocrx_word' id='word_1_64' title='bbox 499 713 529 763; x_wconf 88' lang='lat' dir='ltr'><strong>et</strong></span> <span class='ocrx_word' id='word_1_65' title='bbox 539 706 616 782; x_wconf 89' lang='lat' dir='ltr'><strong>apud</strong></span> <span class='ocrx_word' id='word_1_66' title='bbox 626 725 687 777; x_wconf 88' lang='lat' dir='ltr'><strong>nos,</strong></span> <span class='ocrx_word' id='word_1_67' title='bbox 697 713 730 765; x_wconf 88' lang='lat' dir='ltr'><strong>ut</strong></span> <span class='ocrx_word' id='word_1_68' title='bbox 741 725 795 783; x_wconf 84' lang='lat' dir='ltr'><strong>ego</strong></span> <span class='ocrx_word' id='word_1_69' title='bbox 806 708 985 785; x_wconf 87' lang='lat' dir='ltr'><strong>interpretor,</strong></span> 
     </span>
     <span class='ocr_line' id='line_1_9' title="bbox 146 785 985 863; baseline 0.002 -21"><span class='ocrx_word' id='word_1_70' title='bbox 146 785 227 843; x_wconf 86' lang='lat' dir='ltr'><strong>lucus</strong></span> <span class='ocrx_word' id='word_1_71' title='bbox 244 785 372 856; x_wconf 82' lang='lat' dir='ltr'><strong>Furinae,</strong></span> <span class='ocrx_word' id='word_1_72' title='bbox 385 785 485 844; x_wconf 86' lang='lat' dir='ltr'><strong>Furiae</strong></span> <span class='ocrx_word' id='word_1_73' title='bbox 502 785 571 842; x_wconf 90' lang='lat' dir='ltr'><strong>deae</strong></span> <span class='ocrx_word' id='word_1_74' title='bbox 585 792 660 857; x_wconf 91' lang='lat' dir='ltr'><strong>sunt,</strong></span> <span class='ocrx_word' id='word_1_75' title='bbox 673 787 879 863; x_wconf 80' lang='lat' dir='ltr'><strong>speculatrices,</strong></span> <span class='ocrx_word' id='word_1_76' title='bbox 892 788 985 859; x_wconf 91' lang='lat' dir='ltr'><strong>credo,</strong></span> 
     </span>
     <span class='ocr_line' id='line_1_10' title="bbox 146 864 987 934; baseline 0.002 -12"><span class='ocrx_word' id='word_1_77' title='bbox 146 872 176 922; x_wconf 89' lang='lat' dir='ltr'><strong>et</strong></span> <span class='ocrx_word' id='word_1_78' title='bbox 190 865 315 923; x_wconf 91' lang='lat' dir='ltr'><strong>vindices</strong></span> <span class='ocrx_word' id='word_1_79' title='bbox 329 865 490 922; x_wconf 87' lang='lat' dir='ltr'><strong>facinorum</strong></span> <span class='ocrx_word' id='word_1_80' title='bbox 504 873 533 922; x_wconf 90' lang='lat' dir='ltr'><strong>et</strong></span> <span class='ocrx_word' id='word_1_81' title='bbox 547 864 666 923; x_wconf 91' lang='lat' dir='ltr'><strong>sceleris.</strong></span> <span class='ocrx_word' id='word_1_82' title='bbox 709 865 755 924; x_wconf 81' lang='lat'><strong>47.</strong></span> <span class='ocrx_word' id='word_1_83' title='bbox 779 866 865 934; x_wconf 80' lang='lat' dir='ltr'><strong>Quod</strong></span> <span class='ocrx_word' id='word_1_84' title='bbox 879 867 903 924; x_wconf 91' lang='lat' dir='ltr'><strong>si</strong></span> <span class='ocrx_word' id='word_1_85' title='bbox 916 867 987 924; x_wconf 88' lang='lat' dir='ltr'><strong>tales</strong></span> 
     </span>
     <span class='ocr_line' id='line_1_11' title="bbox 145 944 986 1024; baseline 0.004 -22"><span class='ocrx_word' id='word_1_86' title='bbox 145 945 177 1002; x_wconf 92' lang='lat' dir='ltr'><strong>di</strong></span> <span class='ocrx_word' id='word_1_87' title='bbox 194 952 268 1014; x_wconf 88' lang='lat' dir='ltr'><strong>suut,</strong></span> <span class='ocrx_word' id='word_1_88' title='bbox 284 952 317 1002; x_wconf 91' lang='lat' dir='ltr'><strong>ut</strong></span> <span class='ocrx_word' id='word_1_89' title='bbox 333 945 417 1002; x_wconf 90' lang='lat' dir='ltr'><strong>rebus</strong></span> <span class='ocrx_word' id='word_1_90' title='bbox 432 944 566 1002; x_wconf 89' lang='lat' dir='ltr'><strong>humanis</strong></span> <span class='ocrx_word' id='word_1_91' title='bbox 586 945 727 1017; x_wconf 84' lang='lat' dir='ltr'><strong>intersint,</strong></span> <span class='ocrx_word' id='word_1_92' title='bbox 746 946 851 1004; x_wconf 78' lang='lat' dir='ltr'><strong>Nescio</strong></span> <span class='ocrx_word' id='word_1_93' title='bbox 873 966 986 1024; x_wconf 88' lang='lat' dir='ltr'><strong>quoque</strong></span> 
     </span>
     <span class='ocr_line' id='line_1_12' title="bbox 145 1024 986 1103; baseline 0.004 -22"><span class='ocrx_word' id='word_1_94' title='bbox 145 1024 201 1082; x_wconf 90' lang='lat' dir='ltr'><strong>dea</strong></span> <span class='ocrx_word' id='word_1_95' title='bbox 221 1025 350 1101; x_wconf 86' lang='lat' dir='ltr'><strong>putanda</strong></span> <span class='ocrx_word' id='word_1_96' title='bbox 370 1032 421 1096; x_wconf 89' lang='lat' dir='ltr'><strong>est,</strong></span> <span class='ocrx_word' id='word_1_97' title='bbox 436 1025 483 1082; x_wconf 93' lang='lat' dir='ltr'><strong>cui</strong></span> <span class='ocrx_word' id='word_1_98' title='bbox 502 1044 568 1082; x_wconf 92' lang='lat' dir='ltr'><strong>cum</strong></span> <span class='ocrx_word' id='word_1_99' title='bbox 586 1025 655 1083; x_wconf 86' lang='lat' dir='ltr'><strong>fana</strong></span> <span class='ocrx_word' id='word_1_100' title='bbox 671 1026 853 1084; x_wconf 88' lang='lat' dir='ltr'><strong>circumimus</strong></span> <span class='ocrx_word' id='word_1_101' title='bbox 870 1028 900 1084; x_wconf 93' lang='lat' dir='ltr'><strong>in</strong></span> <span class='ocrx_word' id='word_1_102' title='bbox 917 1046 986 1103; x_wconf 87' lang='lat' dir='ltr'><strong>agro</strong></span> 
     </span>
     <span class='ocr_line' id='line_1_13' title="bbox 144 1104 987 1183; baseline 0.002 -23"><span class='ocrx_word' id='word_1_103' title='bbox 144 1104 274 1175; x_wconf 84' lang='lat' dir='ltr'><strong>Ardeati,</strong></span> <span class='ocrx_word' id='word_1_104' title='bbox 285 1123 345 1162; x_wconf 88' lang='lat' dir='ltr'><strong>rem</strong></span> <span class='ocrx_word' id='word_1_105' title='bbox 359 1105 486 1161; x_wconf 90' lang='lat' dir='ltr'><strong>divinam</strong></span> <span class='ocrx_word' id='word_1_106' title='bbox 497 1105 591 1162; x_wconf 90' lang='lat' dir='ltr'><strong>facere</strong></span> <span class='ocrx_word' id='word_1_107' title='bbox 605 1105 745 1163; x_wconf 89' lang='lat' dir='ltr'><strong>solemus:</strong></span> <span class='ocrx_word' id='word_1_108' title='bbox 764 1125 836 1182; x_wconf 90' lang='lat' dir='ltr'><strong>quae</strong></span> <span class='ocrx_word' id='word_1_109' title='bbox 848 1107 914 1183; x_wconf 85' lang='lat' dir='ltr'><strong>quia</strong></span> <span class='ocrx_word' id='word_1_110' title='bbox 925 1126 987 1182; x_wconf 89' lang='lat' dir='ltr'><strong>par·</strong></span> 
     </span>
     <span class='ocr_line' id='line_1_14' title="bbox 144 1185 987 1255; baseline 0 -13"><span class='ocrx_word' id='word_1_111' title='bbox 144 1191 193 1242; x_wconf 87' lang='lat' dir='ltr'><strong>tus</strong></span> <span class='ocrx_word' id='word_1_112' title='bbox 209 1191 402 1242; x_wconf 89' lang='lat' dir='ltr'><strong>matronarum</strong></span> <span class='ocrx_word' id='word_1_113' title='bbox 416 1191 538 1255; x_wconf 88' lang='lat' dir='ltr'><strong>tueatur,</strong></span> <span class='ocrx_word' id='word_1_114' title='bbox 551 1204 569 1241; x_wconf 88' lang='lat' dir='ltr'><strong>a</strong></span> <span class='ocrx_word' id='word_1_115' title='bbox 581 1185 762 1242; x_wconf 87' lang='lat' dir='ltr'><strong>nascentibus</strong></span> <span class='ocrx_word' id='word_1_116' title='bbox 776 1185 881 1243; x_wconf 89' lang='lat' dir='ltr'><strong>Nascio</strong></span> <span class='ocrx_word' id='word_1_117' title='bbox 896 1187 987 1242; x_wconf 92' lang='lat' dir='ltr'><strong>nomi-</strong></span> 
     </span>
     <span class='ocr_line' id='line_1_15' title="bbox 145 1264 987 1341; baseline 0.002 -21"><span class='ocrx_word' id='word_1_118' title='bbox 145 1271 213 1321; x_wconf 87' lang='lat' dir='ltr'><strong>nata</strong></span> <span class='ocrx_word' id='word_1_119' title='bbox 229 1271 279 1322; x_wconf 90' lang='lat' dir='ltr'><strong>est.</strong></span> <span class='ocrx_word' id='word_1_120' title='bbox 322 1264 364 1321; x_wconf 84' lang='lat' dir='ltr'><strong>Ea</strong></span> <span class='ocrx_word' id='word_1_121' title='bbox 381 1266 405 1321; x_wconf 91' lang='lat' dir='ltr'><strong>si</strong></span> <span class='ocrx_word' id='word_1_122' title='bbox 421 1264 475 1321; x_wconf 87' lang='lat' dir='ltr'><strong>dea</strong></span> <span class='ocrx_word' id='word_1_123' title='bbox 491 1271 543 1334; x_wconf 85' lang='lat' dir='ltr'><strong>est,</strong></span> <span class='ocrx_word' id='word_1_124' title='bbox 559 1265 589 1322; x_wconf 94' lang='lat' dir='ltr'><strong>di</strong></span> <span class='ocrx_word' id='word_1_125' title='bbox 606 1283 706 1322; x_wconf 90' lang='lat' dir='ltr'><strong>omnes</strong></span> <span class='ocrx_word' id='word_1_126' title='bbox 722 1265 772 1336; x_wconf 91' lang='lat' dir='ltr'><strong>illi,</strong></span> <span class='ocrx_word' id='word_1_127' title='bbox 794 1266 842 1341; x_wconf 91' lang='lat' dir='ltr'><strong>qui</strong></span> <span class='ocrx_word' id='word_1_128' title='bbox 864 1285 987 1322; x_wconf 90' lang='lat' dir='ltr'><strong>comme·</strong></span> 
     </span>
     <span class='ocr_line' id='line_1_16' title="bbox 144 1343 984 1415; baseline 0.002 -15"><span class='ocrx_word' id='word_1_129' title='bbox 144 1343 331 1401; x_wconf 87' lang='lat' dir='ltr'><strong>morabantur</strong></span> <span class='ocrx_word' id='word_1_130' title='bbox 354 1364 371 1400; x_wconf 89' lang='lat' dir='ltr'><strong>a</strong></span> <span class='ocrx_word' id='word_1_131' title='bbox 394 1351 432 1414; x_wconf 85' lang='lat' dir='ltr'><strong>te,</strong></span> <span class='ocrx_word' id='word_1_132' title='bbox 454 1344 566 1415; x_wconf 92' lang='lat' dir='ltr'><strong>Honor,</strong></span> <span class='ocrx_word' id='word_1_133' title='bbox 585 1344 677 1415; x_wconf 89' lang='lat' dir='ltr'><strong>Fides,</strong></span> <span class='ocrx_word' id='word_1_134' title='bbox 696 1343 785 1415; x_wconf 70' lang='lat' dir='ltr'><strong>Mens</strong></span> <span class='ocrx_word' id='word_1_135' title='bbox 807 1345 984 1402; x_wconf 86' lang='lat' dir='ltr'><strong>Concordia:</strong></span> 
     </span>
     <span class='ocr_line' id='line_1_17' title="bbox 145 1423 987 1500; baseline -0.001 -19"><span class='ocrx_word' id='word_1_136' title='bbox 145 1442 214 1499; x_wconf 84' lang='lat' dir='ltr'><strong>ergo</strong></span> <span class='ocrx_word' id='word_1_137' title='bbox 235 1424 321 1480; x_wconf 88' lang='lat' dir='ltr'><strong>etiam</strong></span> <span class='ocrx_word' id='word_1_138' title='bbox 339 1423 419 1499; x_wconf 88' lang='lat' dir='ltr'><strong>Spes,</strong></span> <span class='ocrx_word' id='word_1_139' title='bbox 435 1423 552 1481; x_wconf 86' lang='lat' dir='ltr'><strong>Moneta</strong></span> <span class='ocrx_word' id='word_1_140' title='bbox 570 1424 732 1500; x_wconf 85' lang='lat' dir='ltr'><strong>omniaque,</strong></span> <span class='ocrx_word' id='word_1_141' title='bbox 749 1443 821 1500; x_wconf 87' lang='lat' dir='ltr'><strong>quae</strong></span> <span class='ocrx_word' id='word_1_142' title='bbox 837 1425 987 1500; x_wconf 83' lang='lat' dir='ltr'><strong>cogitatio-</strong></span> 
     </span>
     <span class='ocr_line' id='line_1_18' title="bbox 144 1501 986 1580; baseline 0.001 -22"><span class='ocrx_word' id='word_1_143' title='bbox 144 1522 180 1560; x_wconf 91' lang='lat' dir='ltr'><strong>ne</strong></span> <span class='ocrx_word' id='word_1_144' title='bbox 195 1501 339 1560; x_wconf 88' lang='lat' dir='ltr'><strong>nobismet</strong></span> <span class='ocrx_word' id='word_1_145' title='bbox 353 1503 409 1579; x_wconf 89' lang='lat' dir='ltr'><strong>ipsi</strong></span> <span class='ocrx_word' id='word_1_146' title='bbox 421 1522 573 1579; x_wconf 91' lang='lat' dir='ltr'><strong>possumus</strong></span> <span class='ocrx_word' id='word_1_147' title='bbox 587 1502 701 1580; x_wconf 84' lang='lat' dir='ltr'><strong>fingere.</strong></span> <span class='ocrx_word' id='word_1_148' title='bbox 740 1502 826 1571; x_wconf 79' lang='lat' dir='ltr'><strong>Quod</strong></span> <span class='ocrx_word' id='word_1_149' title='bbox 840 1504 864 1560; x_wconf 90' lang='lat' dir='ltr'><strong>si</strong></span> <span class='ocrx_word' id='word_1_150' title='bbox 878 1504 937 1560; x_wconf 85' lang='lat' dir='ltr'><strong>veri</strong></span> <span class='ocrx_word' id='word_1_151' title='bbox 952 1504 986 1560; x_wconf 88' lang='lat' dir='ltr'><strong>si-</strong></span> 
     </span>
     <span class='ocr_line' id='line_1_19' title="bbox 144 1581 985 1658; baseline 0.002 -20"><span class='ocrx_word' id='word_1_152' title='bbox 144 1581 213 1639; x_wconf 91' lang='lat' dir='ltr'><strong>mile</strong></span> <span class='ocrx_word' id='word_1_153' title='bbox 229 1601 288 1639; x_wconf 93' lang='lat' dir='ltr'><strong>non</strong></span> <span class='ocrx_word' id='word_1_154' title='bbox 306 1589 357 1654; x_wconf 88' lang='lat' dir='ltr'><strong>est,</strong></span> <span class='ocrx_word' id='word_1_155' title='bbox 373 1602 409 1639; x_wconf 88' lang='lat' dir='ltr'><strong>ue</strong></span> <span class='ocrx_word' id='word_1_156' title='bbox 426 1582 497 1640; x_wconf 94' lang='lat' dir='ltr'><strong>illud</strong></span> <span class='ocrx_word' id='word_1_157' title='bbox 514 1583 630 1658; x_wconf 90' lang='lat' dir='ltr'><strong>quidem</strong></span> <span class='ocrx_word' id='word_1_158' title='bbox 648 1589 698 1653; x_wconf 88' lang='lat' dir='ltr'><strong>est,</strong></span> <span class='ocrx_word' id='word_1_159' title='bbox 714 1583 784 1640; x_wconf 86' lang='lat' dir='ltr'><strong>haec</strong></span> <span class='ocrx_word' id='word_1_160' title='bbox 801 1583 877 1640; x_wconf 90' lang='lat' dir='ltr'><strong>unde</strong></span> <span class='ocrx_word' id='word_1_161' title='bbox 898 1581 985 1640; x_wconf 87' lang='lat' dir='ltr'><strong>fluxe-</strong></span> 
     </span>
     <span class='ocr_line' id='line_1_20' title="bbox 143 1661 986 1739; baseline -0.001 -20"><span class='ocrx_word' id='word_1_162' title='bbox 143 1668 219 1720; x_wconf 90' lang='lat' dir='ltr'><strong>runt.</strong></span> <span class='ocrx_word' id='word_1_163' title='bbox 262 1661 346 1720; x_wconf 89' lang='lat' dir='ltr'>XIX.</span> <span class='ocrx_word' id='word_1_164' title='bbox 370 1661 447 1729; x_wconf 81' lang='lat' dir='ltr'><strong>Quid</strong></span> <span class='ocrx_word' id='word_1_165' title='bbox 464 1669 559 1720; x_wconf 89' lang='lat' dir='ltr'><strong>autem</strong></span> <span class='ocrx_word' id='word_1_166' title='bbox 578 1662 659 1733; x_wconf 87' lang='lat' dir='ltr'><strong>dicis,</strong></span> <span class='ocrx_word' id='word_1_167' title='bbox 675 1663 699 1718; x_wconf 92' lang='lat' dir='ltr'><strong>si</strong></span> <span class='ocrx_word' id='word_1_168' title='bbox 716 1663 748 1719; x_wconf 91' lang='lat' dir='ltr'><strong>di</strong></span> <span class='ocrx_word' id='word_1_169' title='bbox 764 1670 831 1720; x_wconf 86' lang='lat' dir='ltr'><strong>sunt</strong></span> <span class='ocrx_word' id='word_1_170' title='bbox 847 1662 898 1733; x_wconf 88' lang='lat' dir='ltr'><strong>illi,</strong></span> <span class='ocrx_word' id='word_1_171' title='bbox 914 1681 986 1739; x_wconf 89' lang='lat' dir='ltr'><strong>quos</strong></span> 
     </span>
     <span class='ocr_line' id='line_1_21' title="bbox 144 1741 986 1818; baseline -0.001 -18"><span class='ocrx_word' id='word_1_172' title='bbox 144 1741 266 1800; x_wconf 90' lang='lat' dir='ltr'><strong>colimus</strong></span> <span class='ocrx_word' id='word_1_173' title='bbox 282 1748 312 1799; x_wconf 91' lang='lat' dir='ltr'><strong>et</strong></span> <span class='ocrx_word' id='word_1_174' title='bbox 328 1742 497 1818; x_wconf 88' lang='lat' dir='ltr'><strong>accepimus,</strong></span> <span class='ocrx_word' id='word_1_175' title='bbox 513 1761 563 1800; x_wconf 92' lang='lat' dir='ltr'><strong>cur</strong></span> <span class='ocrx_word' id='word_1_176' title='bbox 579 1760 638 1799; x_wconf 91' lang='lat' dir='ltr'><strong>non</strong></span> <span class='ocrx_word' id='word_1_177' title='bbox 655 1741 757 1798; x_wconf 87' lang='lat' dir='ltr'><strong>eodem</strong></span> <span class='ocrx_word' id='word_1_178' title='bbox 774 1743 803 1798; x_wconf 90' lang='lat' dir='ltr'><strong>in</strong></span> <span class='ocrx_word' id='word_1_179' title='bbox 820 1761 924 1818; x_wconf 81' lang='lat' dir='ltr'><strong>genere</strong></span> <span class='ocrx_word' id='word_1_180' title='bbox 939 1742 986 1799; x_wconf 87' lang='lat' dir='ltr'><strong>Se-</strong></span> 
     </span>
     <span class='ocr_line' id='line_1_22' title="bbox 143 1820 986 1898; baseline -0.001 -18"><span class='ocrx_word' id='word_1_181' title='bbox 143 1822 236 1898; x_wconf 91' lang='lat' dir='ltr'><strong>rapim</strong></span> <span class='ocrx_word' id='word_1_182' title='bbox 249 1820 375 1898; x_wconf 90' lang='lat' dir='ltr'><strong>Isimque</strong></span> <span class='ocrx_word' id='word_1_183' title='bbox 386 1823 584 1879; x_wconf 73' lang='lat' dir='ltr'><strong>numeremus?</strong></span> <span class='ocrx_word' id='word_1_184' title='bbox 601 1821 714 1898; x_wconf 89' lang='lat' dir='ltr'><strong>quodsi</strong></span> <span class='ocrx_word' id='word_1_185' title='bbox 725 1822 855 1892; x_wconf 88' lang='lat' dir='ltr'><strong>facimus,</strong></span> <span class='ocrx_word' id='word_1_186' title='bbox 866 1841 916 1879; x_wconf 91' lang='lat' dir='ltr'><strong>cur</strong></span> <span class='ocrx_word' id='word_1_187' title='bbox 925 1821 986 1879; x_wconf 92' lang='lat' dir='ltr'><strong>bar-</strong></span> 
     </span>
     <span class='ocr_line' id='line_1_23' title="bbox 143 1901 984 1978; baseline 0 -20"><span class='ocrx_word' id='word_1_188' title='bbox 143 1901 279 1959; x_wconf 89' lang='lat' dir='ltr'><strong>barorum</strong></span> <span class='ocrx_word' id='word_1_189' title='bbox 298 1901 368 1958; x_wconf 86' lang='lat' dir='ltr'><strong>deos</strong></span> <span class='ocrx_word' id='word_1_190' title='bbox 384 1901 585 1978; x_wconf 70' lang='lat' dir='ltr'><strong>repudiemus?</strong></span> <span class='ocrx_word' id='word_1_191' title='bbox 625 1901 720 1959; x_wconf 86' lang='lat' dir='ltr'><strong>Boves</strong></span> <span class='ocrx_word' id='word_1_192' title='bbox 736 1902 825 1978; x_wconf 78' lang='lat' dir='ltr'><strong>igitur</strong></span> <span class='ocrx_word' id='word_1_193' title='bbox 842 1909 871 1959; x_wconf 91' lang='lat' dir='ltr'><strong>et</strong></span> <span class='ocrx_word' id='word_1_194' title='bbox 887 1921 984 1978; x_wconf 73' lang='lat' dir='ltr'><strong>equos</strong></span> 
     </span>
     <span class='ocr_line' id='line_1_24' title="bbox 143 1979 986 2058; baseline 0 -20"><span class='ocrx_word' id='word_1_195' title='bbox 143 1981 214 2053; x_wconf 92' lang='lat' dir='ltr'><strong>ibes,</strong></span> <span class='ocrx_word' id='word_1_196' title='bbox 229 1981 386 2057; x_wconf 87' lang='lat' dir='ltr'><strong>accipitres,</strong></span> <span class='ocrx_word' id='word_1_197' title='bbox 402 1981 523 2058; x_wconf 85' lang='lat' dir='ltr'><strong>aspidas,</strong></span> <span class='ocrx_word' id='word_1_198' title='bbox 539 1979 706 2052; x_wconf 90' lang='lat' dir='ltr'><strong>crocodilos,</strong></span> <span class='ocrx_word' id='word_1_199' title='bbox 722 1981 822 2058; x_wconf 86' lang='lat' dir='ltr'><strong>pisces,</strong></span> <span class='ocrx_word' id='word_1_200' title='bbox 838 2000 929 2051; x_wconf 90' lang='lat' dir='ltr'><strong>canes,</strong></span> <span class='ocrx_word' id='word_1_201' title='bbox 946 1982 986 2038; x_wconf 92' lang='lat' dir='ltr'><strong>lu-</strong></span> 
     </span>
     <span class='ocr_line' id='line_1_25' title="bbox 143 2059 986 2139; baseline 0 -21"><span class='ocrx_word' id='word_1_202' title='bbox 143 2080 206 2139; x_wconf 86' lang='lat' dir='ltr'><strong>pos,</strong></span> <span class='ocrx_word' id='word_1_203' title='bbox 219 2060 298 2130; x_wconf 90' lang='lat' dir='ltr'><strong>feles,</strong></span> <span class='ocrx_word' id='word_1_204' title='bbox 310 2060 415 2119; x_wconf 88' lang='lat' dir='ltr'><strong>multas</strong></span> <span class='ocrx_word' id='word_1_205' title='bbox 431 2067 576 2137; x_wconf 87' lang='lat' dir='ltr'><strong>praeterea</strong></span> <span class='ocrx_word' id='word_1_206' title='bbox 591 2059 689 2118; x_wconf 90' lang='lat' dir='ltr'><strong>beluas</strong></span> <span class='ocrx_word' id='word_1_207' title='bbox 705 2061 736 2118; x_wconf 90' lang='lat' dir='ltr'><strong>in</strong></span> <span class='ocrx_word' id='word_1_208' title='bbox 753 2061 871 2119; x_wconf 86' lang='lat' dir='ltr'><strong>deorum</strong></span> <span class='ocrx_word' id='word_1_209' title='bbox 888 2081 986 2118; x_wconf 79' lang='lat' dir='ltr'><strong>nume</strong></span> 
     </span>
     <span class='ocr_line' id='line_1_26' title="bbox 143 2140 986 2218; baseline 0 -20"><span class='ocrx_word' id='word_1_210' title='bbox 143 2160 177 2200; x_wconf 90' lang='lat' dir='ltr'><strong>ro</strong></span> <span class='ocrx_word' id='word_1_211' title='bbox 194 2159 372 2217; x_wconf 88' lang='lat' dir='ltr'><strong>reponemus.</strong></span> <span class='ocrx_word' id='word_1_212' title='bbox 411 2140 490 2209; x_wconf 82' lang='lat' dir='ltr'><strong>Quae</strong></span> <span class='ocrx_word' id='word_1_213' title='bbox 505 2141 529 2197; x_wconf 90' lang='lat' dir='ltr'><strong>si</strong></span> <span class='ocrx_word' id='word_1_214' title='bbox 543 2140 700 2211; x_wconf 89' lang='lat' dir='ltr'><strong>reiciamus,</strong></span> <span class='ocrx_word' id='word_1_215' title='bbox 712 2141 761 2198; x_wconf 91' lang='lat' dir='ltr'><strong>illa</strong></span> <span class='ocrx_word' id='word_1_216' title='bbox 775 2159 897 2218; x_wconf 88' lang='lat' dir='ltr'><strong>quoque,</strong></span> <span class='ocrx_word' id='word_1_217' title='bbox 910 2141 986 2198; x_wconf 91' lang='lat' dir='ltr'><strong>unde</strong></span> 
     </span>
     <span class='ocr_line' id='line_1_27' title="bbox 142 2220 985 2289; baseline -0.002 -10"><span class='ocrx_word' id='word_1_218' title='bbox 142 2220 215 2278; x_wconf 90' lang='lat' dir='ltr'><strong>haec</strong></span> <span class='ocrx_word' id='word_1_219' title='bbox 231 2228 299 2277; x_wconf 89' lang='lat' dir='ltr'><strong>nata</strong></span> <span class='ocrx_word' id='word_1_220' title='bbox 316 2227 389 2289; x_wconf 86' lang='lat' dir='ltr'><strong>sunt,</strong></span> <span class='ocrx_word' id='word_1_221' title='bbox 405 2221 561 2278; x_wconf 78' lang='lat' dir='ltr'><strong>reiciemns.</strong></span> <span class='ocrx_word' id='word_1_222' title='bbox 605 2220 891 2288; x_wconf 64' lang='lat' dir='ltr'><strong>redundando?</strong></span> <span class='ocrx_word' id='word_1_223' title='bbox 931 2220 985 2277; x_wconf 91' lang='lat' dir='ltr'><strong>Ino</strong></span> 
     </span>
     <span class='ocr_line' id='line_1_28' title="bbox 143 2299 986 2376; baseline -0.002 -18"><span class='ocrx_word' id='word_1_224' title='bbox 143 2300 199 2358; x_wconf 90' lang='lat' dir='ltr'><strong>dea</strong></span> <span class='ocrx_word' id='word_1_225' title='bbox 212 2299 331 2371; x_wconf 90' lang='lat' dir='ltr'><strong>dicetur,</strong></span> <span class='ocrx_word' id='word_1_226' title='bbox 344 2318 415 2376; x_wconf 88' lang='lat' dir='ltr'><strong>quae</strong></span> <span class='ocrx_word' id='word_1_227' title='bbox 430 2302 566 2356; x_wconf 83' lang='grc' dir='ltr'>Λευκοθέα</span> <span class='ocrx_word' id='word_1_228' title='bbox 582 2319 599 2356; x_wconf 87' lang='lat' dir='ltr'><strong>a</strong></span> <span class='ocrx_word' id='word_1_229' title='bbox 613 2299 736 2371; x_wconf 84' lang='lat' dir='ltr'><strong>Graecis,</strong></span> <span class='ocrx_word' id='word_1_230' title='bbox 749 2320 766 2357; x_wconf 88' lang='lat' dir='ltr'><strong>a</strong></span> <span class='ocrx_word' id='word_1_231' title='bbox 778 2301 863 2357; x_wconf 91' lang='lat' dir='ltr'><strong>nobis</strong></span> <span class='ocrx_word' id='word_1_232' title='bbox 874 2300 986 2357; x_wconf 83' lang='lat' dir='ltr'><strong>Matuta</strong></span> 
     </span>
     <span class='ocr_line' id='line_1_29' title="bbox 143 2378 983 2456; baseline -0.001 -19"><span class='ocrx_word' id='word_1_233' title='bbox 143 2380 259 2450; x_wconf 89' lang='lat' dir='ltr'><strong>dicitur,</strong></span> <span class='ocrx_word' id='word_1_234' title='bbox 271 2398 337 2436; x_wconf 91' lang='lat' dir='ltr'><strong>cum</strong></span> <span class='ocrx_word' id='word_1_235' title='bbox 352 2380 390 2436; x_wconf 90' lang='lat' dir='ltr'><strong>sit</strong></span> <span class='ocrx_word' id='word_1_236' title='bbox 403 2378 506 2437; x_wconf 90' lang='lat' dir='ltr'><strong>Cadmi</strong></span> <span class='ocrx_word' id='word_1_237' title='bbox 520 2379 585 2450; x_wconf 91' lang='lat' dir='ltr'><strong>filia,</strong></span> <span class='ocrx_word' id='word_1_238' title='bbox 598 2379 680 2437; x_wconf 82' lang='lat' dir='ltr'><strong>Circe</strong></span> <span class='ocrx_word' id='word_1_239' title='bbox 694 2387 790 2437; x_wconf 88' lang='lat' dir='ltr'><strong>autem</strong></span> <span class='ocrx_word' id='word_1_240' title='bbox 802 2386 831 2436; x_wconf 90' lang='lat' dir='ltr'><strong>et</strong></span> <span class='ocrx_word' id='word_1_241' title='bbox 841 2379 983 2456; x_wconf 71' lang='lat' dir='ltr'><strong>Pasiphae</strong></span> 
     </span>
     <span class='ocr_line' id='line_1_30' title="bbox 143 2458 983 2536; baseline -0.004 -19"><span class='ocrx_word' id='word_1_242' title='bbox 143 2479 161 2517; x_wconf 93' lang='lat' dir='ltr'><strong>e</strong></span> <span class='ocrx_word' id='word_1_243' title='bbox 177 2458 312 2516; x_wconf 87' lang='lat' dir='ltr'><strong>Perseide</strong></span> <span class='ocrx_word' id='word_1_244' title='bbox 329 2459 437 2518; x_wconf 88' lang='lat' dir='ltr'><strong>Oceani</strong></span> <span class='ocrx_word' id='word_1_245' title='bbox 453 2459 511 2517; x_wconf 88' lang='lat' dir='ltr'><strong>filia</strong></span> <span class='ocrx_word' id='word_1_246' title='bbox 526 2467 618 2528; x_wconf 88' lang='lat' dir='ltr'><strong>natae,</strong></span> <span class='ocrx_word' id='word_1_247' title='bbox 631 2465 712 2536; x_wconf 89' lang='lat' dir='ltr'><strong>patre</strong></span> <span class='ocrx_word' id='word_1_248' title='bbox 728 2458 802 2529; x_wconf 87' lang='lat' dir='ltr'><strong>Sole,</strong></span> <span class='ocrx_word' id='word_1_249' title='bbox 818 2459 848 2515; x_wconf 95' lang='lat' dir='ltr'><strong>in</strong></span> <span class='ocrx_word' id='word_1_250' title='bbox 865 2458 983 2515; x_wconf 89' lang='lat' dir='ltr'><strong>deorum</strong></span> 
     </span>
     <span class='ocr_line' id='line_1_31' title="bbox 143 2537 986 2615; baseline -0.002 -19"><span class='ocrx_word' id='word_1_251' title='bbox 143 2557 264 2596; x_wconf 90' lang='lat' dir='ltr'><strong>numero</strong></span> <span class='ocrx_word' id='word_1_252' title='bbox 282 2557 340 2597; x_wconf 92' lang='lat' dir='ltr'><strong>nou</strong></span> <span class='ocrx_word' id='word_1_253' title='bbox 358 2538 556 2596; x_wconf 72' lang='lat' dir='ltr'><strong>habebuntur?</strong></span> <span class='ocrx_word' id='word_1_254' title='bbox 597 2537 777 2615; x_wconf 79' lang='lat' dir='ltr'><strong>Quamquam</strong></span> <span class='ocrx_word' id='word_1_255' title='bbox 794 2537 895 2596; x_wconf 80' lang='lat' dir='ltr'><strong>Circen</strong></span> <span class='ocrx_word' id='word_1_256' title='bbox 918 2557 986 2614; x_wconf 90' lang='lat' dir='ltr'><strong>quo-</strong></span> 
     </span>
     <span class='ocr_line' id='line_1_32' title="bbox 144 2615 985 2695; baseline -0.004 -19"><span class='ocrx_word' id='word_1_257' title='bbox 144 2638 201 2695; x_wconf 91' lang='lat' dir='ltr'><strong>que</strong></span> <span class='ocrx_word' id='word_1_258' title='bbox 216 2617 311 2676; x_wconf 91' lang='lat' dir='ltr'><strong>coloni</strong></span> <span class='ocrx_word' id='word_1_259' title='bbox 325 2619 416 2675; x_wconf 91' lang='lat' dir='ltr'><strong>nostri</strong></span> <span class='ocrx_word' id='word_1_260' title='bbox 430 2618 604 2677; x_wconf 89' lang='lat' dir='ltr'><strong>Circeienses</strong></span> <span class='ocrx_word' id='word_1_261' title='bbox 617 2618 749 2695; x_wconf 83' lang='lat' dir='ltr'><strong>religiose</strong></span> <span class='ocrx_word' id='word_1_262' title='bbox 764 2617 868 2676; x_wconf 87' lang='lat' dir='ltr'><strong>colunt.</strong></span> <span class='ocrx_word' id='word_1_263' title='bbox 907 2615 985 2693; x_wconf 82' lang='lat' dir='ltr'><strong>Ergo</strong></span> 
     </span>
     <span class='ocr_line' id='line_1_33' title="bbox 143 2696 985 2775; baseline 0 -21"><span class='ocrx_word' id='word_1_264' title='bbox 143 2697 219 2755; x_wconf 90' lang='lat' dir='ltr'><strong>hanc</strong></span> <span class='ocrx_word' id='word_1_265' title='bbox 240 2697 323 2755; x_wconf 89' lang='lat' dir='ltr'><strong>deam</strong></span> <span class='ocrx_word' id='word_1_266' title='bbox 346 2697 436 2756; x_wconf 85' lang='lat' dir='ltr'><strong>dicisl</strong></span> <span class='ocrx_word' id='word_1_267' title='bbox 461 2699 531 2775; x_wconf 90' lang='lat' dir='ltr'><strong>quid</strong></span> <span class='ocrx_word' id='word_1_268' title='bbox 555 2698 672 2756; x_wconf 89' lang='lat' dir='ltr'><strong>Medeae</strong></span> <span class='ocrx_word' id='word_1_269' title='bbox 696 2696 890 2774; x_wconf 88' lang='lat' dir='ltr'><strong>respondebis,</strong></span> <span class='ocrx_word' id='word_1_270' title='bbox 913 2715 985 2772; x_wconf 88' lang='lat' dir='ltr'><strong>quae</strong></span> 
     </span>
     <span class='ocr_line' id='line_1_34' title="bbox 144 2775 986 2853; baseline -0.004 -19"><span class='ocrx_word' id='word_1_271' title='bbox 144 2777 259 2836; x_wconf 91' lang='lat' dir='ltr'><strong>duobus</strong></span> <span class='ocrx_word' id='word_1_272' title='bbox 275 2778 343 2848; x_wconf 91' lang='lat' dir='ltr'><strong>avis,</strong></span> <span class='ocrx_word' id='word_1_273' title='bbox 356 2777 421 2836; x_wconf 86' lang='lat' dir='ltr'><strong>Sole</strong></span> <span class='ocrx_word' id='word_1_274' title='bbox 436 2785 465 2836; x_wconf 91' lang='lat' dir='ltr'><strong>et</strong></span> <span class='ocrx_word' id='word_1_275' title='bbox 478 2778 593 2837; x_wconf 91' lang='lat' dir='ltr'><strong>Oceano</strong></span> <span class='ocrx_word' id='word_1_276' title='bbox 610 2778 702 2835; x_wconf 89' lang='lat' dir='ltr'><strong>Aeeta</strong></span> <span class='ocrx_word' id='word_1_277' title='bbox 715 2785 803 2853; x_wconf 89' lang='lat' dir='ltr'><strong>patre,</strong></span> <span class='ocrx_word' id='word_1_278' title='bbox 815 2781 906 2833; x_wconf 89' lang='lat' dir='ltr'><strong>matre</strong></span> <span class='ocrx_word' id='word_1_279' title='bbox 920 2775 986 2851; x_wconf 91' lang='lat' dir='ltr'><strong>Idy-</strong></span> 
     </span>
     <span class='ocr_line' id='line_1_35' title="bbox 143 2855 986 2935; baseline -0.005 -20"><span class='ocrx_word' id='word_1_280' title='bbox 143 2857 174 2915; x_wconf 86' lang='lat' dir='ltr'><strong>ia</strong></span> <span class='ocrx_word' id='word_1_281' title='bbox 189 2865 338 2934; x_wconf 88' lang='lat' dir='ltr'><strong>procreata</strong></span> <span class='ocrx_word' id='word_1_282' title='bbox 354 2859 413 2916; x_wconf 79' lang='lat' dir='ltr'><strong>estl</strong></span> <span class='ocrx_word' id='word_1_283' title='bbox 435 2859 504 2935; x_wconf 90' lang='lat' dir='ltr'><strong>quid</strong></span> <span class='ocrx_word' id='word_1_284' title='bbox 521 2858 606 2916; x_wconf 91' lang='lat' dir='ltr'><strong>huius</strong></span> <span class='ocrx_word' id='word_1_285' title='bbox 624 2857 753 2933; x_wconf 88' lang='lat' dir='ltr'><strong>Absyrto</strong></span> <span class='ocrx_word' id='word_1_286' title='bbox 770 2856 860 2926; x_wconf 88' lang='lat' dir='ltr'><strong>fratri,</strong></span> <span class='ocrx_word' id='word_1_287' title='bbox 877 2855 926 2932; x_wconf 90' lang='lat' dir='ltr'><strong>qui</strong></span> <span class='ocrx_word' id='word_1_288' title='bbox 943 2862 986 2912; x_wconf 87' lang='lat' dir='ltr'><strong>cst</strong></span> 
     </span>
     <span class='ocr_line' id='line_1_36' title="bbox 144 2936 986 3014; baseline -0.005 -19"><span class='ocrx_word' id='word_1_289' title='bbox 144 2937 224 3014; x_wconf 88' lang='lat' dir='ltr'><strong>apud</strong></span> <span class='ocrx_word' id='word_1_290' title='bbox 244 2937 402 2995; x_wconf 89' lang='lat' dir='ltr'><strong>Pacuvium</strong></span> <span class='ocrx_word' id='word_1_291' title='bbox 423 2938 596 3014; x_wconf 80' lang='lat' dir='ltr'><strong>Aegialeusl</strong></span> <span class='ocrx_word' id='word_1_292' title='bbox 624 2936 674 2994; x_wconf 90' lang='lat' dir='ltr'><strong>sed</strong></span> <span class='ocrx_word' id='word_1_293' title='bbox 692 2936 764 2992; x_wconf 91' lang='lat' dir='ltr'><strong>illud</strong></span> <span class='ocrx_word' id='word_1_294' title='bbox 784 2954 890 2992; x_wconf 92' lang='lat' dir='ltr'><strong>nomen</strong></span> <span class='ocrx_word' id='word_1_295' title='bbox 911 2941 986 2992; x_wconf 91' lang='lat' dir='ltr'><strong>vete-</strong></span> 
     </span>
     <span class='ocr_line' id='line_1_37' title="bbox 144 3015 987 3085; baseline -0.005 -11"><span class='ocrx_word' id='word_1_296' title='bbox 144 3037 210 3074; x_wconf 92' lang='lat' dir='ltr'><strong>rum</strong></span> <span class='ocrx_word' id='word_1_297' title='bbox 234 3015 337 3075; x_wconf 87' lang='lat' dir='ltr'><strong>litteris</strong></span> <span class='ocrx_word' id='word_1_298' title='bbox 359 3017 499 3075; x_wconf 78' lang='lat' dir='ltr'><strong>usitatius,</strong></span> <span class='ocrx_word' id='word_1_299' title='bbox 542 3016 599 3085; x_wconf 82' lang='lat' dir='ltr'><strong>Qui</strong></span> <span class='ocrx_word' id='word_1_300' title='bbox 622 3016 646 3072; x_wconf 89' lang='lat' dir='ltr'><strong>si</strong></span> <span class='ocrx_word' id='word_1_301' title='bbox 666 3016 697 3072; x_wconf 96' lang='lat' dir='ltr'><strong>di</strong></span> <span class='ocrx_word' id='word_1_302' title='bbox 718 3035 776 3072; x_wconf 94' lang='lat' dir='ltr'><strong>non</strong></span> <span class='ocrx_word' id='word_1_303' title='bbox 798 3021 873 3085; x_wconf 90' lang='lat' dir='ltr'><strong>sunt,</strong></span> <span class='ocrx_word' id='word_1_304' title='bbox 888 3033 987 3071; x_wconf 91' lang='lat' dir='ltr'><strong>vereor</strong></span> 
     </span>
     <span class='ocr_line' id='line_1_38' title="bbox 145 3093 985 3174; baseline -0.006 -20"><span class='ocrx_word' id='word_1_305' title='bbox 145 3096 218 3174; x_wconf 91' lang='lat' dir='ltr'><strong>quid</strong></span> <span class='ocrx_word' id='word_1_306' title='bbox 240 3104 307 3174; x_wconf 79' lang='lat' dir='ltr'><strong>agat</strong></span> <span class='ocrx_word' id='word_1_307' title='bbox 329 3097 399 3154; x_wconf 93' lang='lat' dir='ltr'><strong>Ino:</strong></span> <span class='ocrx_word' id='word_1_308' title='bbox 422 3097 490 3154; x_wconf 90' lang='lat' dir='ltr'><strong>haec</strong></span> <span class='ocrx_word' id='word_1_309' title='bbox 513 3097 590 3154; x_wconf 91' lang='lat' dir='ltr'><strong>enim</strong></span> <span class='ocrx_word' id='word_1_310' title='bbox 614 3095 711 3152; x_wconf 89' lang='lat' dir='ltr'><strong>omnia</strong></span> <span class='ocrx_word' id='word_1_311' title='bbox 729 3114 764 3150; x_wconf 87' lang='lat' dir='ltr'><strong>ex</strong></span> <span class='ocrx_word' id='word_1_312' title='bbox 783 3093 885 3151; x_wconf 88' lang='lat' dir='ltr'><strong>eodem</strong></span> <span class='ocrx_word' id='word_1_313' title='bbox 903 3093 985 3150; x_wconf 86' lang='lat' dir='ltr'><strong>fonte</strong></span> 
     </span>
     <span class='ocr_line' id='line_1_39' title="bbox 144 3172 985 3251; baseline -0.006 -17"><span class='ocrx_word' id='word_1_314' title='bbox 144 3177 297 3234; x_wconf 83' lang='lat' dir='ltr'><strong>fluxerunt.</strong></span> <span class='ocrx_word' id='word_1_315' title='bbox 340 3182 387 3234; x_wconf 78' lang='lat'><strong>49.</strong></span> <span class='ocrx_word' id='word_1_316' title='bbox 409 3177 458 3234; x_wconf 92' lang='lat' dir='ltr'><strong>An</strong></span> <span class='ocrx_word' id='word_1_317' title='bbox 482 3175 675 3251; x_wconf 77' lang='lat' dir='ltr'><strong>Amphimaus</strong></span> <span class='ocrx_word' id='word_1_318' title='bbox 699 3174 753 3231; x_wconf 86' lang='lat' dir='ltr'><strong>erit</strong></span> <span class='ocrx_word' id='word_1_319' title='bbox 774 3172 845 3230; x_wconf 91' lang='lat' dir='ltr'><strong>deus</strong></span> <span class='ocrx_word' id='word_1_320' title='bbox 867 3180 897 3230; x_wconf 90' lang='lat' dir='ltr'><strong>et</strong></span> <span class='ocrx_word' id='word_1_321' title='bbox 917 3173 985 3230; x_wconf 78' lang='lat' dir='ltr'><strong>Tro</strong></span> 
     </span>
    </p>
   </div>
   <div class='ocr_carea' id='block_1_3' title="bbox 0 0 1126 3436">
    <p class='ocr_par' dir='ltr' id='par_1_3' title="bbox 0 0 1126 3436">
     <span class='ocr_line' id='line_1_40' title="bbox 0 0 1126 3436; baseline 0 0"><span class='ocrx_word' id='word_1_322' title='bbox 0 0 1126 3436; x_wconf 95' lang='lat' dir='ltr'><strong> </strong></span> 
     </span>
    </p>
   </div>
   <div class='ocr_carea' id='block_1_4' title="bbox 1031 3261 1109 3414">
    <p class='ocr_par' dir='ltr' id='par_1_4' title="bbox 1031 3261 1109 3414">
     <span class='ocr_line' id='line_1_41' title="bbox 1031 3261 1109 3414; baseline 0 0"><span class='ocrx_word' id='word_1_323' title='bbox 1031 3261 1109 3414; x_wconf 53' lang='lat' dir='ltr'>fl</span> 
     </span>
    </p>
   </div>
  </div>
 </body>
</html>
