2224 3446
133 141 180 190 244
392 141 442 189 Du
458 140 711 192 DIVINATIONE.

279 239 338 288 Nou
349 239 521 302 intellegimus,
532 239 580 288 nisi
591 239 611 288 si
624 248 709 303 aperte
722 238 824 290 dixeris.

133 345 175 403 At
190 343 236 402 ille
250 364 309 402 uno
324 343 427 402 verbo:

279 455 397 504 Testudo.

134 561 201 619 Non
218 566 352 639 potueras
366 560 421 617 hoc
438 560 527 636 igitur
541 579 558 616 a
571 555 722 636 principio,
736 558 890 631 citharista,
904 559 978 618 diee-

134 643 182 699 ret
233 640 324 698 LXV.
368 644 433 697 134.
455 639 560 696 Defert
584 640 620 696 ad
645 639 836 695 coniectorem
860 639 977 715 quidam

134 721 290 778 somniasse
308 739 336 776 se
354 739 440 776 ovum
457 719 581 795 pendere
599 738 633 776 ex
650 719 739 775 fascia
755 718 822 775 lecti
840 719 883 776 sui
900 718 978 776 cubi·
1031 755 1033 759 ·

134 800 243 857 calaris.
286 799 338 856 Est
351 798 407 856 hoc
421 800 450 855 in
466 799 622 875 Chrysippi
636 797 710 855 libro
728 798 880 856 somnium.
922 798 977 855 Re·

134 879 252 956 spondit
266 879 410 936 couieetor
420 878 586 936 thesaurum
597 878 745 935 defossum
756 897 816 934 esse
827 877 881 934 sub
893 877 976 936 lecte.

135 958 236 1016 Fodit:
257 959 369 1015 invenit
385 959 445 1015 auri
462 958 649 1034 aliquantum,
664 957 751 1033 idque
768 957 978 1014 circumdatum

134 1045 261 1114 argento.
304 1037 385 1095 Misit
405 1038 561 1094 coniectori
583 1036 753 1114 quantulum
769 1037 863 1093 visum
880 1043 924 1093 est
941 1037 978 1094 de

135 1125 261 1193 argento.
303 1117 378 1174 Tum
395 1116 458 1174 ille:
480 1117 606 1187 Nihilne,
618 1117 721 1193 inquit,
734 1116 770 1173 de
784 1116 901 1174 vitellot
942 1115 978 1173 Id

75 1237 79 1244 ,
135 1199 211 1255 enim
226 1198 252 1254 ei
267 1217 301 1254 ex
316 1216 371 1254 ovo
385 1195 535 1254 videbatur
548 1216 649 1253 aurum
660 1196 823 1266 declarasse,
835 1195 977 1272 reliquum

135 1271 293 1354 argentum.
331 1276 462 1333 Nemone
473 1277 563 1352 igitur
572 1294 710 1353 umquam
724 1275 794 1332 alius
806 1294 892 1331 ovum
904 1295 979 1332 som-

135 1357 243 1414 niavitt
262 1376 312 1414 eur
328 1375 396 1432 ergo
413 1355 460 1412 hie
477 1356 572 1412 neseio
591 1356 639 1432 qui
656 1355 821 1412 thesaurum
843 1355 920 1411 solus
936 1355 978 1410 in-

135 1437 235 1493 veniti
276 1435 368 1504 Quam
385 1435 469 1492 multi
484 1436 585 1510 inopes
602 1435 683 1511 digni
697 1434 839 1512 praesidio
857 1435 976 1492 deorum

135 1516 214 1573 nullo
236 1516 348 1572 somnio
369 1515 406 1572 ad
422 1515 587 1572 thesaurum
603 1514 803 1592 reperiendum
823 1514 976 1570 admonen-

136 1597 199 1653 turl
240 1595 333 1664 Quam
355 1602 451 1652 autem
468 1595 505 1651 ob
523 1613 635 1651 eausam
654 1601 712 1651 tam
731 1601 774 1650 est
791 1593 908 1650 obscure
929 1593 976 1650 ad·

135 1676 271 1747 monitus,
292 1683 325 1732 ut
349 1693 383 1732 ex
409 1694 463 1731 ovo
484 1683 645 1732 nasceretur
666 1673 791 1732 thesauri
817 1673 977 1730 similitudo

137 1756 234 1831 potius
257 1774 341 1832 quam
363 1762 459 1831 aperte
481 1753 647 1812 thesaurum
670 1772 802 1830 quaerere
822 1752 976 1823 iuberetur,

137 1835 211 1891 sicut
231 1842 328 1912 aperte
345 1834 508 1891 Simonides
528 1835 634 1892 vetitus
655 1841 699 1890 est
714 1833 867 1909 navigaret
909 1838 975 1890 135.

137 1914 214 1990 Ergo
232 1914 351 1972 obseura
367 1915 478 1971 somnia
494 1915 613 1971 minime
630 1919 821 1971 consentanea
834 1912 976 1970 maiestati

137 1994 264 2051 deorum.
307 1993 413 2051 LXVI.
432 1994 481 2050 Ad
492 2002 589 2070 aperta
603 2002 631 2051 et
642 1993 715 2050 clara
728 1993 883 2064 veniamus,
895 1992 977 2069 quale

138 2081 181 2131 est
194 2074 230 2131 de
244 2073 294 2130 illo
308 2074 461 2130 interfecto
475 2092 492 2130 a
506 2092 633 2149 caupone
645 2073 775 2150 Megaris,
788 2072 870 2149 quale
885 2072 921 2129 de
936 2071 979 2128 Si-

137 2153 262 2225 monide,
273 2154 322 2231 qui
337 2153 373 2210 ab
387 2172 430 2225 ee,
443 2173 527 2230 quem
539 2153 678 2224 humaret,
690 2153 796 2210 vetitus
811 2159 854 2209 est
864 2152 979 2229 naviga-

137 2253 175 2304 re,
192 2233 273 2311 quale
291 2234 376 2291 etiam
392 2233 427 2290 de
441 2233 614 2304 Alexandro,
627 2232 705 2310 quod
719 2251 736 2288 a
749 2239 777 2290 te
792 2231 978 2308 praeteritum

138 2333 198 2370 esse
218 2314 323 2371 miror:
345 2314 402 2391 qui,
419 2333 485 2370 eum
501 2312 684 2370 Ptolemaeus
700 2311 848 2369 familiaris
869 2311 930 2368 eius
947 2312 978 2367 in

139 2393 247 2469 proelio
264 2393 322 2451 telo
338 2400 478 2450 venenato
495 2393 569 2450 ictus
583 2399 656 2449 esset
670 2411 760 2469 eoque
775 2391 889 2449 vulnere
904 2409 980 2447 surn-

139 2492 187 2530 mo
204 2493 270 2530 eum
287 2473 384 2530 dolore
401 2479 565 2543 moreretur,
578 2471 741 2529 Alexander
755 2471 888 2528 adsidens
904 2489 980 2527 som-

138 2571 177 2609 no
199 2559 242 2610 est
263 2555 436 2630 consopitus.
478 2552 554 2609 Tum
576 2552 732 2609 seeundum
754 2552 879 2629 quietem
900 2551 980 2606 visus

140 2632 166 2688 ei
181 2632 286 2689 dieitur
302 2633 387 2690 draco
405 2633 437 2704 is,
450 2651 535 2709 quem
552 2639 643 2689 mater
657 2631 807 2708 Olympias
823 2630 924 2701 alebat,
937 2649 981 2686 ra·

140 2710 263 2768 diculam
282 2731 329 2768 ore
347 2713 422 2769 ferre
443 2719 472 2769 et
491 2711 575 2768 simul
592 2711 685 2769 dicere
703 2730 760 2788 quo
779 2711 828 2768 illa
843 2710 900 2767 loci
916 2728 981 2765 nas-

140 2798 396 2868 ceretur—neque
417 2791 441 2847 is
462 2790 547 2866 longe
568 2791 665 2848 aberat
685 2790 721 2847 ab
742 2810 776 2848 eo
797 2789 980 2847 loeo—eius

141 2878 235 2927 autem
259 2889 318 2928 esse
339 2872 399 2926 vim
419 2877 537 2940 tantam,
555 2878 589 2927 ut
609 2870 808 2928 Ptolemaeum
828 2868 913 2926 facile
938 2887 981 2924 sa-

141 2957 228 3006 naret.
267 2950 341 3007 Cum
356 2950 519 3007 Alexander
532 2957 712 3025 experrectus
725 2955 866 3007 narrasset
879 2949 981 3006 amicis

141 3030 293 3098 somnium,
308 3029 435 3086 emisisse
455 3030 504 3106 qui
520 3028 598 3085 illam
619 3029 774 3087 radiculam
794 3034 980 3106 quaererent:

142 3125 198 3180 qua
215 3108 331 3164 inventa
351 3114 380 3165 et
399 3108 581 3166 Ptolemaeus
602 3117 716 3165 sanatus
735 3109 840 3165 dieitur
860 3115 890 3165 et
907 3107 981 3163 mul-

141 3185 165 3240 ti
189 3186 302 3255 milites,
325 3188 374 3260 qui
399 3195 479 3244 erant
503 3188 604 3244 eodem
627 3207 729 3261 genere
754 3187 804 3244 teli
828 3187 978 3244 vulnerati.
