2224 3446
402 147 480 196 cnr.
493 147 774 207 V111.‚1x.‚§15-19.
955 150 1003 196 259

165 249 237 308 veris
258 252 288 305 iu
306 247 378 304 falsa
398 267 431 304 ea
447 267 538 324 posse,
558 266 629 324 quae
649 247 748 304 futura
768 253 842 318 sunt,
859 267 943 325 quam
961 269 1002 321 ea,

165 347 236 406 quae
256 329 333 384 facta
354 331 428 398 sunt,
447 328 497 384 sed
516 328 547 384 in
567 327 652 384 factis
673 327 935 386 immutabilitatem
956 349 1003 405 ap-

164 427 269 485 parere,
284 408 314 464 in
332 407 438 465 futuris
456 407 634 484 quibusdam,
651 407 792 483 quianon
809 415 951 484 appareat,
967 428 1003 466 ne

163 490 254 545 inesse
272 487 387 565 quidem
403 487 501 557 videri,
514 495 546 544 ut
562 488 592 543 in
610 507 652 558 eo,
669 487 717 562 qui
734 487 883 546 mortifero
900 488 1001 545 morbo

163 574 305 644 urgeatur,
321 586 419 624 verum
437 567 474 624 sit
491 567 507 593 “
518 567 575 624 Hic
596 567 733 624 morietur
749 566 954 638 hoc'morbo,’'
972 576 1001 624 at

162 648 217 704 hoc
239 647 316 704 idern
339 647 364 704 si
385 667 449 704 vere
472 646 583 704 dicatur
603 647 634 704 in
657 666 699 718 eo,
719 647 749 702 in
772 650 828 723 quo
846 647 887 703 vis
908 647 1001 704 morbi

162 733 243 784 tanta
262 746 321 784 non
338 733 480 804 appareat,
496 726 586 783 nihilo
607 727 702 783 minus
718 727 848 784 futurum
869 727 914 785 sit.
956 727 1001 784 lta

162 806 195 863 fit
215 813 249 863 ut
270 807 457 863 commutatio
480 826 515 863 ex
536 825 603 864 vero
624 807 777 863 insalsum
799 826 835 864 ne
855 807 885 863 in
901 807 1000 864 futuro

163 886 280 962 quidem
300 885 357 943 ulla
377 885 438 944 fieri
459 886 557 962 possit.
600 885 675 942 Nam
694 886 860 944 “Morietur
875 886 999 964 Scipio’'

161 966 248 1022 talem
266 966 323 1023 vim
340 965 435 1037 habet,
453 972 494 1037 ut,
513 985 685 1042 quamquam
707 966 742 1024 de
765 968 864 1024 futuro
886 968 999 1037 dicitur,

161 1053 258 1102 tamen
279 1053 312 1102 ut
328 1046 359 1103 id
379 1066 437 1102 non
454 1047 546 1122 possit
566 1052 729 1102 convertere
749 1046 780 1101 in
800 1047 913 1104 falsum.
954 1047 1000 1104 De

161 1124 279 1182 homine
296 1126 372 1182 enim
387 1127 500 1195 dicitnr,
512 1126 559 1183 cui
573 1145 686 1183 necesse
702 1131 745 1182 est
759 1127 840 1185 mori.
885 1133 930 1184 18.
953 1127 1000 1184 Sic

162 1205 186 1261 si
203 1205 343 1262 diceretur
361 1205 526 1262 “Morietur
542 1214 630 1263 noctu
644 1205 673 1262 in
691 1204 822 1262 cubiculo
840 1225 891 1262 suo
908 1207 937 1262 vi
951 1225 1000 1282 op-

161 1304 274 1361 pressus
291 1285 416 1361 Scipi0,”
431 1305 496 1342 vere
513 1285 661 1343 diceretur.
704 1284 740 1341 Id
753 1285 830 1342 enim
847 1285 910 1342 fore
927 1285 1000 1342 dice-

161 1371 246 1435 retur,
259 1365 338 1441 quod
352 1373 425 1423 esset
438 1366 586 1422 futurum:
608 1366 737 1422 futurum
753 1371 849 1422 autem
862 1365 951 1422 fuisse
965 1385 999 1422 ex

161 1463 204 1515 e0,
217 1445 284 1521 quia
296 1445 406 1502 factum
421 1452 471 1517 est,
484 1445 611 1521 intellegi
625 1444 718 1502 debet.
760 1444 821 1502 Nec
834 1445 926 1521 magis
940 1452 1000 1502 erat

161 1543 259 1581 vemm
289 1524 452 1582 “Morietur
482 1523 578 1602 Scipio
588 1524 604 1552 ’'
637 1544 722 1601 quarn
751 1523 916 1581 “Morietur
949 1524 1000 1582 illo

161 1603 277 1674 modo,’'
302 1623 354 1661 uec
378 1605 470 1682 magis
494 1624 607 1662 necesse
630 1605 705 1661 mori
727 1603 891 1681 Scipionem
914 1623 999 1680 quam

160 1683 210 1740 illo
231 1684 319 1742 modo
340 1685 422 1756 mori,
442 1704 495 1742 nec
514 1685 607 1761 magis
630 1684 807 1742 immutabile
830 1703 864 1741 ex
882 1703 947 1741 vero
968 1685 999 1741 in

160 1763 266 1820 falsum
295 1763 445 1822 “Necatus
475 1771 519 1822 est
548 1764 645 1841 Scipio
656 1763 672 1791 ’²
702 1783 788 1841 quam
817 1763 1000 1822 “Necabitur

161 1842 286 1920 Scipio,”
301 1863 361 1914 nec,
377 1863 442 1900 curn
457 1844 526 1902 haec
540 1844 581 1901 ita
595 1845 660 1915 sint,
676 1852 719 1902 est
733 1863 817 1902 causa
833 1863 883 1900 cur
897 1844 1000 1920 Epicu-

160 1943 208 1979 rus
224 1923 318 1980 fatum
335 1922 501 1981 extimescat
517 1931 546 1982 et
562 1924 598 1981 ab
615 1924 718 1981 atomis
732 1931 812 2001 petat
826 1924 999 2000 praesidium

161 2022 263 2079 easque
285 2003 320 2060 de
336 2003 383 2060 via
400 2003 521 2061 deducat
538 2010 567 2061 et
583 2023 640 2061 uno
657 2011 787 2080 tempore
804 2005 939 2082 suscipiat
956 2024 1000 2062 res

161 2083 230 2140 duas
247 2083 449 2154 inenodabiles,
465 2103 560 2154 unam,
577 2094 609 2141 ut
626 2084 686 2141 sine
707 2104 791 2142 causa
810 2083 861 2141 fiat
881 2084 999 2161 aliquid,
1013 2123 1015 2128 ·

160 2182 195 2219 ex
210 2181 266 2239 quo
284 2163 400 2220 exsistet
414 2170 447 2220 ut
460 2163 497 2220 de
513 2163 604 2221 nihilo
622 2165 770 2241 quippiam
784 2164 843 2236 fiat,
856 2165 934 2242 quod
948 2184 1000 2222 nec

160 2243 216 2318 ipsi
237 2261 289 2300 nec
312 2243 444 2320 cuiquam
466 2243 586 2320 physico
608 2244 709 2319 placet,
730 2243 855 2314 alteram,
875 2251 915 2314 ut,
934 2263 999 2300 cum

160 2323 218 2379 duo
232 2322 381 2379 individua
394 2342 446 2399 per
458 2323 626 2380 inanitatem
641 2323 909 2391 fe1·antur‚alterum
928 2342 943 2380 e
959 2343 1001 2380 re·

159 2401 246 2476 gioue
266 2408 422 2473 moveatur,
437 2402 556 2458 alterum
578 2402 709 2459 declinet.
754 2407 799 2459 19.
822 2402 902 2459 licet
922 2403 999 2460 enim

159 2481 284 2557 Epicuro
298 2482 467 2539 concedenti
481 2501 565 2539 omne
580 2481 759 2538 enuntiatum
774 2488 824 2538 aut
837 2501 936 2538 verum
950 2489 1000 2539 ant

159 2561 263 2618 falsum
286 2580 345 2618 esse
367 2580 425 2618 non
446 2562 535 2618 vereri
555 2581 591 2618 ne
614 2561 711 2618 omnia
731 2561 792 2618 fato
813 2560 874 2618 fieri
895 2562 933 2618 sit
952 2580 1000 2618 ne·

159 2658 252 2697 cesse:
275 2659 333 2697 non
350 2641 427 2697 enirn
445 2661 479 2698 ex
496 2641 617 2698 aeternis
634 2641 725 2697 causis
742 2651 889 2698 anaturae
905 2660 1000 2698 neces-

159 2720 242 2777 sitate
259 2720 441 2776 manantibus
458 2740 555 2778 verum
573 2727 616 2778 est
632 2720 671 2792 id,
687 2720 764 2797 quod
779 2721 819 2777 ita
835 2721 1000 2777 enuntiatur

159 2798 342 2857 “Descendit
364 2800 394 2856 in
411 2799 597 2857 Academiam
620 2799 807 2871 CarneadeS,’'
829 2819 880 2857 nec
903 2807 998 2857 tamen

159 2879 219 2936 sine
240 2879 339 2948 causis,
359 2879 409 2936 sed
429 2879 547 2937 interest
567 2881 642 2936 inter
663 2899 759 2936 causas
779 2880 901 2936 fortuito
923 2887 999 2936 ante·

157 2978 267 3034 grossas
288 2966 317 3016 et
333 2959 408 3014 iuter
429 2978 525 3016 causas
541 2959 707 3016 cohibentes
724 2960 754 3016 iu
771 2979 801 3017 se
818 2959 998 3017 efficientiam

157 3038 323 3094 naturalem.
373 3037 418 3094 Ita
442 3046 471 3095 et
494 3057 605 3114 semper
629 3058 726 3095 verum
751 3039 809 3096 fuit
834 3038 999 3095 “Morietur

157 3117 305 3192 Epicurus
322 3136 388 3174 cum
405 3117 463 3174 duo
480 3124 509 3175 et
526 3118 707 3193 septuaginta
723 3137 812 3176 annos
829 3118 939 3189 vixerit,
957 3137 998 3174 ar-

158 3196 262 3255 chonte
276 3195 462 3269 Pytlrarato,”
475 3216 567 3274 neque
578 3204 674 3255 tamen
689 3205 769 3256 erant
783 3217 882 3256 causae
896 3196 997 3254 fatales
