2242 3436
309 131 378 180 LIB.
391 131 424 191 I.,
436 131 514 180 CAP.
526 131 705 194 xlx-xxa,
718 132 733 192 ξ
744 135 833 183 36-43.
947 137 993 184 161

152 238 227 302 runt,
240 238 274 290 ut
289 232 331 290 ait
346 231 495 302 Philistus,
508 252 582 302 eum,
595 253 680 310 quem
700 233 748 291 illa
763 236 928 312 peperisset,
940 236 994 293 cla-

151 313 297 370 rissimum
313 311 448 370 Graeciae
464 313 600 370 diuturna
616 332 681 370 eum
699 314 816 372 fortuna
832 315 902 372 iore.
945 321 992 373 40.

151 392 229 450 Num
245 399 274 450 te
288 391 325 448 ad
338 392 450 449 fabulas
464 412 566 450 revoco
581 392 625 450 vel
639 400 801 451 nostrornm
816 393 860 451 vcl
875 393 994 452 Graeco-

150 492 215 529 rum
233 473 405 549 poetarumt
442 472 546 530 Narrat
563 473 639 530 enim
657 479 687 530 et
703 475 780 550 apud
796 474 923 531 Ennium
938 475 994 534 Ve-

151 551 232 610 stalis
246 551 310 610 illa:

233 666 321 714 Eccita
332 681 388 714 cum
399 666 512 716 tremulis
523 682 585 716 anus
595 667 679 716 attulit
688 669 791 718 artubus
801 670 895 732 lumen,

233 733 306 780 Talia
315 740 369 780 tum
380 741 503 780 memorat
513 733 652 795 lacrimans,
663 736 782 783 exterrita
791 751 893 786 somno:

237 798 254 821 “
263 797 390 845 Enrudica
399 807 527 860 prognata,
539 807 609 860 pater·
617 809 784 862 quamnoster
792 802 892 865 amavit,

234 862 308 911 Vires
318 863 418 924 vitaque
428 878 516 926 corpus
530 879 613 912 meum
625 879 690 913 nunc
702 866 793 915 deserit
804 882 884 916 omne.

233 928 299 976 Nam
310 943 351 977 me
362 929 428 976 visus
438 928 513 982 homo
524 929 624 991 pulcher
636 945 679 993 per
689 946 795 980 amoena
805 934 892 982 salicta

233 993 269 1041 Et
280 993 346 1055 ripas
358 1002 456 1056 raptare
466 993 581 1057 locosque
592 1010 669 1064 novos
680 1013 686 1044 :
703 996 739 1044 ita
751 997 803 1045 sola

234 1059 347 1119 Postilla,
358 1073 477 1120 gennana
489 1075 565 1121 soror,
578 1076 659 1109 errare
669 1061 771 1110 videbar

233 1123 365 1188 Tardaque
378 1125 499 1185 vestigare
509 1135 534 1174 et
545 1140 662 1188 quaerere
674 1138 786 1190 teneque
797 1143 868 1190 posse

175 1242 178 1247 ,
236 1189 318 1238 Corde
326 1205 466 1253 capessere:
483 1191 571 1239 semita
579 1191 645 1240 nulla
654 1192 742 1254 pedem
751 1193 884 1245 stebilibat.

193 1288 200 1303 .
236 1256 304 1303 Exin
314 1255 462 1318 compellare
471 1264 541 1318 pater
551 1271 591 1304 me
601 1271 661 1305 voce
671 1257 767 1306 videtur

235 1321 284 1370 His
294 1321 389 1369 verbis:
408 1321 415 1346 ⁴
425 1321 448 1370 Ο
458 1330 541 1382 gnata,
551 1322 597 1369 tibi
608 1329 665 1370 sunt
676 1323 859 1372 anteferendae

234 1389 386 1447 Aerumnae,
397 1394 453 1448 post
464 1386 581 1435 exfluvio
591 1387 690 1436 fortuna
701 1388 815 1437 resistet'

235 1452 305 1500 Haec
315 1451 408 1500 ecfatus
419 1460 497 1514 pater,
509 1467 635 1514 germana,
647 1462 747 1514 repente
758 1455 857 1502 recessit

234 1519 288 1565 Nec
300 1532 353 1566 sese
364 1517 433 1566 dedit
443 1518 469 1564 in
481 1527 639 1580 conspectum
651 1519 725 1566 corde
735 1520 846 1581 cupitus:

235 1583 393 1645 Quamquam
404 1583 484 1630 multa
494 1599 582 1632 manus
592 1584 624 1631 ad
636 1584 697 1632 caeli
707 1585 804 1632 caerula
815 1585 908 1646 templa

235 1648 379 1696 'l'endebam
391 1648 523 1696 lacrimans
534 1659 558 1696 et
569 1649 660 1696 blanda
672 1665 731 1698 voce
742 1649 869 1709 vocabam,

235 1714 289 1762 Vix
300 1728 374 1774 aegro
385 1729 442 1762 cum
454 1715 528 1763 corde
538 1729 594 1763 meo
604 1729 645 1762 me
655 1730 754 1763 somnus
766 1713 888 1778 r·eliquit.''

154 1831 238 1891 XXI.
280 1837 327 1890 42.
346 1831 434 1902 Haec,
447 1834 534 1889 etiam
549 1832 572 1888 si
583 1830 650 1890 ficta
664 1839 730 1890 sunt
744 1840 871 1910 apoeta,
880 1853 937 1892 non
949 1834 996 1892 ab·

154 1920 223 1970 sunt
243 1918 341 1970 tamen
363 1932 380 1969 a
402 1913 608 1972 consuetudine
633 1914 818 1972 somniorum.
862 1914 906 1972 Sit
928 1935 995 1972 sane

154 1993 247 2145 iffi
259 1992 330 2149 ἓξὲξ
347 1992 590 2065 commenticium,
603 2012 660 2070 quo
675 1993 807 2051 Priamus
824 2001 867 2053 est
883 2003 996 2054 contur-

237 2236 243 2249 .
255 2236 261 2248 .
274 2235 280 2248 .
293 2205 373 2248 mater
382 2199 484 2260 gravida
495 2202 580 2262 parere
590 2214 616 2249 se
626 2199 754 2250 ardentem
764 2201 845 2250 facem

236 2265 300 2312 Visa
310 2274 348 2313 est
359 2266 385 2312 in
396 2265 489 2313 somnis
501 2266 620 2314 Hecuba:
640 2281 689 2328 quo
701 2265 766 2314 facto
778 2276 848 2330 pater

236 2331 293 2379 Rex
303 2331 355 2392 ipse
366 2331 481 2378 Priamus
493 2331 597 2392 somnio,
608 2331 699 2379 mentis
709 2341 778 2379 metu

236 2395 375 2457 Perculsus,
386 2397 451 2446 curis
463 2405 575 2458 sumptus
586 2397 772 2458 suspirantibus,

161 2463 166 2472 '
236 2461 435 2510 Exsacrificabat
444 2461 530 2510 hostiis
541 2461 687 2510 balantibus.

237 2527 303 2574 Tum
316 2527 483 2575 coniecturam
496 2527 604 2590 postulat
614 2542 701 2590 pacem
710 2535 804 2590 petens,

237 2592 274 2641 Ut
287 2607 314 2641 se
324 2591 438 2640 edoceret
448 2593 582 2641 obsecrans
592 2592 741 2656 Apollinem,

238 2657 294 2716 Quo
306 2672 359 2706 sese
369 2667 465 2706 vertant
476 2669 517 2706 tan
522 2666 559 2706 tae
570 2667 647 2706 sortes
658 2658 789 2706 somnium.

237 2723 277 2772 Ibi
288 2739 321 2771 ex
333 2723 415 2772 oraclo
424 2738 484 2771 voce
494 2724 578 2771 divina
588 2723 667 2771 edidit

237 2788 336 2850 Apollo,
348 2803 452 2850 puerum
462 2789 555 2850 primus
566 2789 668 2836 Priamo
678 2788 721 2850 qui
732 2787 794 2836 foret

235 2852 431 2912 rosellanam,
443 2861 591 2915 temperaret
602 2853 701 2902 tollere:

237 2919 304 2967 Eum
316 2933 369 2967 esse
379 2919 484 2967 exitium
494 2919 590 2978 Troiae,
602 2927 695 2980 pestem
707 2919 838 2979 Pergamo.

156 3043 204 3094 43.
227 3035 293 3094 Sint
306 3036 384 3107 haec,
396 3042 430 3093 ut
443 3035 512 3106 dixi,
525 3035 636 3093 somnia
649 3034 819 3104 fabularum,
832 3033 933 3112 hisque
950 3034 997 3091 ad·

156 3117 293 3194 iungatur
314 3117 400 3174 etiam
421 3115 537 3173 Aeneae
553 3115 707 3185 somnium,
723 3114 801 3191 quod
818 3114 849 3170 in
865 3113 997 3172 Numerii

156 3197 239 3256 Fabii
249 3197 373 3257 Pictoris
384 3195 499 3256 Graecis
509 3194 658 3252 annalibus
671 3194 823 3252 eiusmodi
834 3201 884 3264 est,
894 3200 928 3251 ut
938 3213 996 3250 om-
