2220 3432
235 123 302 174 LlB.
316 125 349 186 1,
361 125 439 174 CAP.
453 123 739 186 xxxiv-xxxva,
753 123 767 184 ξ
780 128 885 176 96-101.
949 131 981 177 37

141 226 307 305 poplitibus,
333 226 473 298 manibus,
499 226 630 303 pedibus,
655 226 820 299 feminibus,
843 229 980 288 cruribus.

141 308 181 378 Si,
196 314 230 364 ut
249 307 420 364 immortalis
441 307 486 378 sit,
503 307 573 384 quid
594 307 664 364 haec
687 307 724 364 ad
741 307 831 364 vitam
853 308 982 367 membra

139 387 303 465 pertinenti
324 387 394 464 quid
410 387 474 463 ipsa
489 387 595 445 faciest
637 387 729 464 Magis
749 387 806 457 illa,
824 388 980 461 cerebrum,

139 487 196 539 cor,
208 467 368 544 pulmones,
380 467 464 524 iecur.
507 467 588 524 Haec
605 467 682 525 enim
700 473 767 525 sunt
781 467 928 525 domicilia
941 469 981 525 vi-

138 554 201 606 tae:
224 548 281 604 oris
303 547 419 624 quidem
437 546 551 604 habitus
572 547 609 604 ad
625 547 701 604 vitae
717 546 885 604 firmitatem
908 548 981 605 nihil
999 607 1005 616 ,

137 627 271 704 pertinet.
304 627 449 685 XXXVI.
482 632 547 683 100.
566 627 605 685 Et
619 646 668 684 eos
681 627 870 704 vituperabas,
882 627 932 704 qui
946 647 981 685 cx

138 708 275 784 operibus
302 706 462 784 magnificis
492 714 578 783 atque
606 706 764 783 praedaria,
790 726 857 764 cum
884 708 980 784 ipsum

136 787 288 858 mundum,
306 807 373 845 cum
394 787 455 845 eius
475 786 612 858 membra,
630 786 748 858 caelum,
765 793 863 859 terras,
881 788 979 859 maria,

56 927 57 930 ,
138 887 262 945 cumque
278 867 382 925 horum
400 867 532 944 insignia,
549 866 646 938 solem,
658 866 756 924 lunam
773 866 924 944 stellasque
940 870 980 925 vi·

137 947 255 1019 dissent,
271 967 395 1024 cumque
415 954 579 1024 temporum
599 946 787 1017 maturitates,
804 949 980 1004 mutationes

136 1027 405 1104 vicissitudinesque
429 1026 637 1104 cognovissent,
657 1027 793 1103 suspicati
817 1033 912 1085 essent
932 1027 981 1085 ali·

137 1126 224 1184 quam
254 1106 437 1166 excellentem
469 1125 529 1164 esse
556 1112 805 1184 praestantemque
837 1113 978 1179 naturam,

137 1206 210 1264 quae
238 1186 308 1244 haec
338 1187 461 1256 fecisset,
489 1193 626 1258 moveret,
652 1193 770 1262 regeret,
799 1186 978 1263 gubemaret.

136 1265 195 1335 Qui
218 1267 306 1324 etiam
331 1267 355 1324 si
379 1267 511 1324 aberrant
535 1286 552 1323 a
579 1266 750 1338 coniectura,
771 1267 856 1324 video
881 1273 978 1324 tamen

137 1346 208 1423 quid
222 1354 385 1424 sequantur.
428 1346 473 1404 Tu
488 1346 567 1424 quod
581 1365 653 1422 opus
667 1345 784 1403 tandem
798 1365 936 1422 magnum
951 1352 980 1404 et

136 1427 284 1504 egregium
302 1426 398 1498 habes,
412 1426 490 1503 quod
507 1426 642 1483 effectum
659 1425 758 1483 divina
772 1434 870 1482 mente
886 1425 980 1483 videa-

135 1513 192 1578 tur,
208 1525 243 1564 ex
259 1526 317 1584 quo
334 1525 394 1564 esse
411 1507 480 1564 deos
496 1505 657 1582 suspiceret
698 1504 858 1575 Habebam,
873 1505 978 1582 inquis,

135 1586 167 1643 in
182 1587 278 1644 animo
292 1587 409 1644 insitam
423 1585 658 1643 informationem
674 1584 828 1661 quamdam
843 1584 898 1642 dei.
941 1585 980 1642 Et

135 1666 249 1724 barbati
271 1667 388 1744 quidem
404 1666 490 1737 Iovis,
505 1665 633 1741 galeatae
654 1665 814 1722 Minervae:
836 1683 906 1722 num
927 1664 980 1742 igi-

135 1753 184 1804 tur
198 1766 258 1804 esse
271 1746 342 1804 tales
356 1747 459 1822 putasl
502 1751 567 1804 101.
591 1745 705 1814 Quanto
719 1745 822 1802 melius
836 1743 907 1802 haec
920 1745 980 1802 vul·

134 1845 191 1902 gus
211 1826 419 1902 imperitorum,
438 1826 488 1903 qui
508 1845 568 1882 non
591 1825 721 1882 membra
739 1825 832 1883 solum
852 1824 980 1882 hominis

135 1905 192 1963 deo
212 1905 352 1977 tribuunt,
368 1905 418 1963 sed
439 1924 524 1963 usum
545 1905 632 1963 ctiam
653 1905 856 1963 membrorum.
898 1904 979 1962 Dant

135 1985 215 2043 enim
228 2005 333 2057 arcum,
346 1986 472 2062 sagittas,
484 1985 605 2057 hastam,
618 1985 750 2062 clipeum,
762 1985 913 2057 fuscinam,
925 1985 980 2043 ful·

134 2084 203 2122 men
220 2072 249 2123 et
263 2065 287 2122 si
301 2065 428 2123 actiones
446 2084 517 2142 quae
535 2065 593 2122 sint
607 2064 726 2122 deorum
743 2084 802 2122 non
816 2066 924 2135 vident,
937 2065 978 2122 ni-

134 2145 177 2202 hil
188 2153 322 2222 agentem
332 2152 428 2202 tamen
444 2145 530 2203 deum
544 2165 603 2202 non
618 2153 727 2221 queunt
737 2145 870 2222 cogitare.
909 2144 978 2222 Ipsi,

135 2226 187 2302 qui
203 2225 365 2296 irridentur,
381 2225 522 2302 Aegyptii
540 2224 649 2282 nullam
669 2223 783 2282 beluam
804 2225 860 2282 nisi
877 2225 914 2282 ob
931 2224 980 2282 ali-

135 2324 223 2382 quam
245 2305 401 2362 utilitatem
426 2324 512 2382 quam
535 2324 570 2362 ex
591 2323 624 2362 ea
644 2312 778 2380 caperent
802 2323 980 2362 consecrave-

134 2392 219 2442 runt:
244 2384 323 2442 velut
338 2384 399 2442 ibes
416 2384 570 2441 maximam
588 2384 647 2441 vim
669 2384 844 2460 serpentium
865 2384 980 2442 confici·

134 2471 197 2536 unt,
209 2483 276 2522 cum
297 2465 355 2521 sint
375 2484 441 2522 aves
462 2464 595 2535 excelsae,
608 2464 737 2521 cmxibus
754 2464 862 2540 rigidis,
874 2482 979 2522 comeo

134 2562 312 2621 proceroque
339 2552 451 2602 rostro:
480 2551 612 2602 avertunt
635 2550 746 2620 pestem
771 2543 807 2600 ab
830 2543 977 2620 Aegypte,

134 2643 202 2682 cum
217 2624 345 2682 volucres
360 2643 467 2702 angues
481 2644 516 2682 ex
530 2624 663 2682 vastitate
678 2623 786 2700 Libyae
799 2630 886 2680 vento
899 2623 979 2680 Afri-

135 2724 170 2762 co
186 2704 312 2762 invectas
328 2704 505 2762 interficiunt
521 2712 608 2781 atque
624 2710 806 2774 consumunt,
819 2722 854 2760 ex
871 2721 929 2779 quo
945 2702 980 2760 fit

135 2791 169 2842 ut
183 2784 248 2841 illae
261 2803 314 2842 nec
328 2803 426 2842 morsu
439 2784 521 2842 vivae
534 2791 658 2842 noceant
670 2803 723 2842 nec
737 2783 825 2841 odore
839 2789 978 2841 mortuae.

135 2863 260 2922 Possum
274 2864 310 2922 de
324 2863 550 2922 ichneumonum
563 2864 696 2935 utilitate,
709 2864 745 2922 de
759 2862 978 2934 crocodilorum,

135 2943 172 3002 de
189 2944 291 3002 felium
309 2944 411 3015 dicere,
424 2945 474 3002 sed
490 2944 558 3002 nolo
576 2963 635 3001 esse
652 2943 763 3020 longus.
806 2942 852 3000 Ita
868 2942 979 2999 conclu-

135 3023 212 3096 dam,
231 3030 329 3082 tamen
353 3024 452 3082 beluas
476 3044 493 3081 a
516 3023 643 3081 barbaris
667 3029 786 3099 propter
809 3021 978 3079 beneficium

135 3113 322 3174 consecratas,
340 3112 500 3168 vestrorum
528 3103 647 3160 deorum
676 3121 734 3158 non
762 3102 851 3159 modo
874 3100 978 3159 benefi-

135 3185 214 3242 cium
229 3184 339 3242 nullum
354 3190 473 3253 exstare,
483 3183 534 3240 sed
547 3202 584 3239 ne
596 3183 706 3238 factum
723 3181 838 3255 quidem
851 3180 976 3238 omnine.

219 3268 234 3312 4
