2242 3436
245 125 742 187 LIB.1.,0AP.XXX11‚-xxxrv.‚
757 123 771 184 §
787 128 874 174 70-76.
935 129 981 176 173

140 227 278 296 discessit,
291 233 324 283 ut
337 226 378 282 ait
391 225 539 296 Philistus,
552 242 635 300 aegre
650 224 751 282 ferens.
794 224 869 282 Cum
885 233 982 284 autem

140 306 348 385 aliquantulum
366 323 532 382 progressus
549 312 630 376 esset,
646 304 742 362 subito
759 305 904 362 exaudivit
919 306 983 363 hin-

141 389 235 445 nitum
256 386 436 463 respexitque
457 392 486 442 et
507 404 612 462 equum
634 385 754 442 alacrem
775 385 865 442 laetus
885 405 983 463 aspex-¹

141 469 174 537 it,
192 467 274 524 cuius
289 467 320 523 in
336 464 404 522 iuba
425 484 543 522 examen
564 465 660 541 apium
681 464 854 523 consederat.
897 465 983 534 Quod

142 554 288 604 ostentum
315 545 417 602 habuit
442 545 516 601 banc
546 545 614 616 vim,
636 551 669 602 ut
698 543 856 621 Dionysius
884 546 983 622 paucis

141 634 210 704 post
223 626 325 683 diebus
338 643 455 701 regnare
470 625 602 700 coeperit.
642 624 785 682 XXXIV.
823 624 868 683 74.
887 625 984 693 Quid?

142 705 383 774 Lacedaemoniis,
399 703 484 781 paulo
506 711 571 761 ante
588 704 763 762 Leuctricam
782 705 982 774 calamitatem,

143 805 217 864 quae
241 784 414 862 significatio
438 783 516 841 facta
539 791 590 855 est,
612 803 678 842 cum
702 785 732 840 in
758 785 890 843 Herculis
914 785 983 842 fano

143 885 223 924 arma
243 871 399 922 sonuerunt
415 863 604 940 Herculisque
625 863 806 921 simulacrum
827 865 919 922 multo
941 884 985 922 su-

144 947 214 1003 dore
233 945 378 1002 manavitl
418 945 461 1000 At
482 942 584 1000 eodem
606 949 737 1020 tempore
759 945 874 1016 Thebis,
889 953 922 1002 ut
944 946 986 1002 ait
1054 1005 1056 1008 ,

144 1025 340 1094 Callisthenes,
357 1023 386 1080 in
402 1022 512 1099 templo
526 1023 659 1080 Herculis
673 1024 769 1082 valvae
783 1025 892 1082 clausae
907 1045 986 1102 repa-

144 1106 220 1182 gulis
237 1104 332 1161 subito
350 1104 474 1180 seipsae
491 1111 670 1180 aperuerunt,
686 1123 827 1181 armaque,
841 1125 912 1182 quae
929 1105 987 1162 fixa

145 1186 175 1242 in
193 1184 349 1262 parietibus
365 1183 487 1254 fuerant,
504 1202 536 1240 ea
553 1190 620 1240 sunt
635 1183 718 1240 humi
735 1185 857 1242 inventa.
900 1184 986 1242 Cum-

147 1285 202 1342 que
223 1264 323 1321 eodem
341 1270 470 1339 tempore
487 1263 564 1339 apud
581 1262 735 1320 Lebadiam
752 1264 920 1340 Trophonio
941 1284 986 1322 res

146 1345 244 1401 divina
257 1344 345 1410 fieret,
357 1342 448 1419 gallos
461 1342 632 1419 gallinaceos
645 1344 675 1399 in
690 1362 724 1400 eo
736 1342 798 1400 loco
814 1345 853 1400 sic
868 1345 987 1402 adsidue

147 1443 246 1482 canere
267 1423 401 1500 coepisse,
417 1429 450 1480 ut
470 1422 541 1479 nihil
558 1423 798 1480 intermitterent:
820 1429 883 1480 tum
900 1443 987 1500 augu-

147 1524 191 1561 res
218 1503 323 1560 dixisse
350 1503 489 1560 Boeotios
513 1502 714 1560 Thebanorum
739 1521 799 1559 esse
827 1503 986 1575 victoriam,

147 1590 299 1661 propterea
316 1583 393 1660 quod
407 1583 466 1639 avis
480 1582 529 1639 illa
545 1582 621 1639 vieta
637 1583 717 1639 silere
735 1582 856 1639 soleret:
878 1599 986 1653 cancre,

148 1665 172 1721 si
187 1664 307 1721 vicisset.
351 1663 396 1720 75.
420 1662 585 1740 Eademque
599 1669 769 1739 tempestate
784 1663 882 1720 multis
899 1664 988 1740 signis

148 1743 380 1801 Lacedaemoniis
397 1742 560 1799 Leuctricae
580 1761 693 1819 pugnae
714 1742 860 1800 calamitas
881 1743 989 1801 demm-

147 1824 280 1881 tiabatur.
324 1823 456 1898 Namque
477 1822 554 1878 etin
572 1821 720 1898 Lysandri,
736 1823 786 1900 qui
802 1823 989 1881 Lacedaemo-

148 1904 263 1960 niorum
284 1902 455 1959 clarissimus
471 1902 573 1972 fuerat,
589 1909 690 1972 statua,
707 1922 779 1980 quae
795 1903 918 1980 Delphis
935 1912 990 1961 sta-

148 1983 207 2054 bat,
218 1983 248 2039 in
263 1983 357 2058 capite
373 2000 478 2038 corona
492 1981 587 2039 subito
602 1983 710 2039 exstitit
726 2002 760 2040 ex
775 1985 881 2060 asperis
895 1984 990 2042 herbis

149 2071 179 2121 et
192 2062 359 2139 agrestibus
371 2060 524 2138 stellaeque
538 2081 645 2132 aureae,
658 2081 730 2139 quae
744 2063 866 2141 Delphis
880 2071 960 2121 erant
974 2084 992 2121 a

149 2142 382 2200 Lacedaemoniis
398 2142 509 2218 positae
522 2148 589 2218 post
605 2143 734 2199 navalem
749 2143 827 2200 illam
841 2145 989 2201 victoriam
1073 2201 1077 2210 Δ

150 2221 298 2299 Lysandri,
315 2241 371 2299 qua
386 2220 578 2278 Athenienses
595 2223 857 2299 succideruntque
873 2224 904 2279 in
920 2244 992 2300 pug-

150 2323 188 2359 na
213 2302 279 2378 quia
303 2300 405 2358 Castor
429 2308 458 2358 et
482 2301 585 2359 Pollux
609 2321 675 2359 cum
700 2302 990 2360 Lacedaemoniorum

150 2382 238 2439 classe
260 2381 313 2438 visi
330 2400 390 2438 esse
411 2380 586 2452 dicebantur,
602 2400 698 2438 corum
717 2382 842 2458 insignia
862 2381 990 2454 deorum,

151 2461 248 2519 stellae
265 2479 373 2530 aureae,
390 2479 459 2536 quas
476 2460 543 2529 dixi,
556 2460 678 2538 Delphis
691 2461 810 2538 positae,
822 2461 908 2538 paulo
925 2469 992 2519 ante

151 2540 328 2598 Leuctricam
344 2559 470 2616 pugnam
485 2540 651 2598 deciderunt
666 2560 757 2617 neque
771 2548 899 2617 repertae
916 2549 990 2599 sunt.

153 2621 199 2678 76.
222 2620 380 2676 Maximum
398 2639 464 2677 vero
481 2619 553 2676 illud
567 2628 732 2696 portentum
749 2621 851 2677 iisdem
870 2620 993 2697 Spartia-

151 2700 189 2757 tis
206 2700 271 2769 fuit,
286 2700 371 2776 quod,
384 2719 449 2757 cum
467 2699 611 2757 oraculum
629 2701 665 2758 ab
682 2701 750 2758 love
767 2701 926 2757 Dodonaeo
945 2720 993 2778 pe-

151 2780 283 2836 tivissent
297 2779 333 2836 de
348 2780 467 2836 victoria
481 2781 656 2838 sciscitantes
669 2781 812 2858 legatique
825 2774 899 2857 [aas]
911 2780 991 2852 illud,

151 2861 183 2916 in
198 2878 255 2936 quo
270 2859 382 2916 inerant
396 2867 493 2927 sortes,
506 2860 728 2932 collocavissent,
741 2861 831 2930 simia,
845 2879 930 2937 quam
944 2881 992 2918 rcx

152 2939 344 2996 Molossorum
359 2939 389 2996 in
404 2939 513 2996 deliciis
527 2939 658 3011 habebat,
671 2948 700 2998 et
715 2948 804 2998 sortes
817 2941 894 3016 ipsas
908 2947 937 2998 et
951 2960 994 2998 ce·

152 3025 221 3089 tera,
235 3038 307 3096 quae
322 3026 401 3076 erant
413 3019 448 3074 ad
460 3026 565 3076 sortem
578 3027 683 3096 parata,
696 3019 866 3077 disturbavit
877 3026 906 3077 et
916 3020 994 3077 aliud

153 3097 210 3155 alio
225 3098 381 3175 dissipavit.
420 3098 494 3154 Tum
510 3118 550 3168 ea,
562 3118 633 3176 quae
648 3099 811 3176 praeposita
825 3105 884 3157 erat
899 3118 994 3155 oracu-

152 3178 191 3248 lo,
207 3179 337 3236 sacerdos
357 3178 462 3235 dixisse
479 3179 584 3235 dicitur
603 3178 638 3235 de
656 3178 745 3236 salute
762 3178 994 3238 Lacedaemoniis
