2242 3436
126 104 171 152 158
386 101 435 150 DII
452 100 701 151 DIVINATIONE.

124 203 207 260 sisset
228 202 337 279 trisque
355 209 451 279 partes
473 221 538 260 aves
556 201 740 274 abdixissent,
756 209 858 279 quarta
875 209 966 280 parte,

125 303 196 360 quae
211 290 271 339 erat
282 281 398 360 reliqua,
408 283 438 339 in
449 283 579 358 regiones
590 282 743 340 distributa
753 281 878 340 mirabili
888 302 968 360 mag-

124 363 256 420 nitudine
277 382 371 433 uvam,
384 370 416 420 nt
433 363 571 439 scriptum
588 362 727 433 videmus,
742 363 860 420 invenit.
903 362 969 431 Qua

124 462 153 500 ro
168 443 308 500 celebrata
321 462 387 500 cum
402 442 489 499 vicini
505 461 605 500 omnes
621 442 738 500 adeum
753 442 788 500 de
807 442 891 500 rebus
907 444 968 500 suis

124 523 270 594 referrent,
286 530 346 580 erat
362 523 392 578 in
409 541 515 599 magno
531 523 649 579 nomine
666 529 694 579 et
711 521 809 598 gloria
853 529 900 580 32.
923 523 967 580 Ex

125 622 182 680 quo
199 603 309 660 factum
327 609 370 660 cst
386 609 419 659 ut
436 621 502 659 eum
519 601 555 659 ad
570 621 599 659 sc
613 621 662 659 rex
676 602 791 659 Priscus
805 610 966 660 arcesseret.

124 681 214 739 Cuius
234 701 300 740 eum
321 689 476 760 temptaret
497 682 645 740 scientiam
666 690 829 758 auguratus,
845 682 920 740 dixit
940 683 969 740 ei

123 762 249 838 cogitare
261 782 290 820 se
302 761 455 839 quiddam:
473 761 504 818 id
515 769 648 838 possetne
658 761 719 819 fieri
730 763 882 821 consuluit
915 761 968 820 Ille

123 842 244 918 augurio
258 849 322 899 acto
333 860 416 919 posse
427 842 582 919 respondit.
617 841 789 919 Tarquinius
799 849 895 900 autem
907 843 969 900 dix-

123 922 148 978 it
162 941 191 978 se
206 922 346 998 cogitasse
360 929 455 979 cotem
470 922 608 979 novacula
620 941 704 998 posse
718 922 852 999 praecidi.
890 922 968 980 Tum

123 1000 228 1058 Attum
244 1003 357 1059 iussisse
371 1002 500 1078 experiri.
542 1001 588 1059 Ita
601 1009 695 1060 cotem
710 1003 740 1059 in
755 1002 906 1060 comitium
920 1003 970 1060 ad-

123 1080 210 1138 latam
221 1082 403 1158 'inspectante
417 1090 446 1139 et
457 1101 523 1159 rege
537 1090 566 1140 et
576 1081 685 1159 populo
699 1083 838 1140 novacula
851 1102 912 1140 esse
925 1083 970 1139 di-

123 1162 233 1219 scisam
275 1163 319 1219 Ex
336 1182 371 1220 eo
388 1163 483 1220 evenit
497 1169 572 1220 utet
586 1163 758 1239 Tarquinius
772 1182 878 1238 augure
892 1162 968 1220 Atto
1055 1205 1059 1212 .

123 1241 217 1310 Navio
234 1248 362 1300 uteretur
378 1249 407 1300 et
421 1242 545 1320 populus
562 1243 598 1300 de
615 1244 673 1300 suis
689 1242 773 1300 rebus
789 1243 827 1300 ad
843 1262 908 1300 eum
926 1262 969 1301 re-

123 1323 219 1380 ferret.
263 1329 309 1381 33.
328 1323 432 1382 Cotem
447 1330 542 1381 autem
557 1323 635 1381 illam
650 1330 679 1380 ct
694 1322 860 1380 novaculam
872 1322 969 1380 defos-

123 1422 185 1459 sam
206 1405 235 1460 in
257 1404 376 1461 comitio
398 1422 540 1482 supraque
559 1403 729 1480 impositum
745 1402 842 1479 puteal
859 1403 968 1479 accepi-

123 1503 195 1541 mus.
238 1484 385 1560 Negemus
407 1484 512 1554 omnia,
530 1483 732 1541 comburamus
756 1481 879 1552 annales,
899 1481 968 1540 ficta

123 1563 193 1621 haec
207 1583 267 1622 esse
279 1565 415 1634 dicamus,
429 1563 543 1640 quidvis
553 1564 676 1640 denique
686 1562 785 1639 potius
799 1581 885 1639 quam
896 1563 968 1620 deos

123 1661 167 1699 res
182 1644 320 1700 humanas
334 1662 430 1701 curare
441 1644 590 1701 fateamur.
625 1642 720 1711 Quid?
737 1642 815 1720 quod
826 1643 967 1720 scriptum

123 1724 201 1799 apud
215 1730 243 1780 te
258 1730 301 1781 est
314 1723 350 1780 de
364 1723 407 1781 Ti.
420 1722 558 1793 Graccho,
571 1741 666 1780 nonne
680 1730 709 1780 et
723 1741 863 1798 augurum
878 1729 908 1780 et
919 1723 969 1780 ha·

123 1803 268 1879 ruspieum
286 1802 455 1878 comprobat
472 1801 672 1879 disciplinam?
693 1802 822 1880 quicum
837 1802 969 1860 tabema-

123 1882 219 1939 cuium
244 1883 314 1939 vitio
342 1883 464 1958 cepisset
487 1882 662 1959 imprudens,
685 1882 764 1959 qnod
787 1883 967 1958 inauspicato

122 1963 284 2038 pomerium
301 1968 492 2038 transgressus
508 1969 590 2032 esset,
603 1962 721 2020 comitia
739 1961 903 2020 consulibus
923 1983 968 2020 ro-

122 2042 225 2118 gandis
247 2041 356 2100 habuit.
400 2041 478 2099 Nota
499 2061 544 2099 res
565 2049 608 2099 est
625 2048 732 2099 etate
749 2042 813 2118 ipso
829 2043 968 2100 mandata

122 2122 325 2179 monumentis.
364 2121 421 2178 Sed
435 2122 540 2198 etipse
554 2141 645 2198 augur
657 2121 701 2179 Ti.
713 2121 859 2180 Gracchus
873 2123 968 2199 auspi·

122 2201 231 2258 ciorum
243 2202 443 2259 auctoritatem
453 2201 635 2259 confessione
648 2201 733 2259 errati
744 2201 789 2259 sui
799 2203 968 2279 comproba-

123 2281 165 2338 vit
181 2288 210 2339 et
223 2281 405 2358 haruspicum
422 2280 588 2357 disciplinae
601 2301 707 2358 magna
717 2282 835 2340 accessit
845 2283 967 2340 auetori-

121 2368 174 2433 tas,
188 2362 237 2439 qui
247 2361 409 2419 recentibus
424 2361 549 2418 comitiis
563 2361 593 2418 in
608 2368 737 2419 senatum
749 2362 907 2420 introducti
918 2381 967 2420 ne·

122 2449 261 2518 gaverunt
275 2442 382 2499 iustum
397 2441 581 2498 comitiorum
595 2448 757 2516 rogatorem
772 2441 870 2499 fuisse.

161 2521 275 2580 XVIII.
320 2526 365 2579 34.
388 2520 428 2578 Iis
445 2521 533 2597 igitur
549 2520 702 2592 adsentior,
718 2521 768 2598 qui
785 2521 844 2578 duo
860 2540 967 2597 genera

122 2600 333 2658 divinationum
355 2620 416 2658 csse
436 2601 587 2658 dixerunt:
614 2619 705 2658 unum
727 2601 806 2678 quod
822 2601 966 2679 particeps

122 2687 196 2738 esset
211 2681 287 2751 artis,
300 2680 420 2737 alterum
436 2680 514 2756 quod
528 2687 588 2737 arte
605 2687 719 2738 careret.
761 2680 814 2738 Est
828 2681 905 2738 enim
919 2701 966 2738 ars

123 2760 152 2815 in
168 2761 210 2830 iis,
224 2759 273 2835 qui
287 2779 375 2815 novas
389 2778 433 2815 res
450 2760 613 2817 coniectura
626 2767 843 2837 persequuntur,
856 2767 966 2819 veteres

123 2838 321 2894 observatione
342 2838 511 2895 didicerunt
554 2839 660 2897 Carent
678 2849 775 2898 autem
791 2848 852 2898 arte
868 2841 898 2912 ii,
914 2841 966 2918 qui

123 2936 181 2972 non
199 2917 308 2972 ratione
325 2924 375 2973 aut
391 2917 554 2974 coniectura
570 2918 727 2977 observatis
740 2939 773 2976 ac
787 2921 895 2978 notatis
909 2921 966 2998 sig·

123 2997 175 3065 nis,
189 2995 239 3051 sed
250 2995 440 3052 concitatione
456 2997 578 3072 quadam
592 2999 680 3056 animi
695 3007 745 3057 aut
759 3000 853 3058 soluto
864 3000 966 3058 libero-

124 3093 179 3148 que
196 3079 277 3130 motu
294 3074 392 3131 futura
408 3077 736 3155 praesentiunt-quod
752 3087 782 3138 ct
798 3081 966 3138 somnianti-

123 3152 177 3209 bus
191 3171 274 3228 sacpe
291 3154 434 3229 contingit
450 3162 479 3213 et
495 3174 725 3232 nonnumquam
743 3160 966 3219 vaticinantibus
